3330 5218
483 485 676 547 QUARTUM
691 487 725 535 A.
760 486 825 535 xvii.
844 486 915 534 xiiii.
934 486 972 535 xi.
991 486 1026 534 rn'.
1046 485 1087 534 iii.
1362 481 1393 543 87

191 637 386 700 memoriam
424 638 472 700 in¹
509 639 645 714 octauis,
684 637 717 700 in
756 637 848 702 sestis
883 647 1082 713 sanctorum,
1121 637 1178 700 Ad
1209 636 1391 700 matutinas

190 724 369 789 versiculus
384 724 504 789 Posuit
507 725 597 808 fines
611 736 645 789 et
660 725 703 788 ad
719 745 875 809 vesperas
889 725 1069 789 versiculus
1084 724 1210 787 Panem
1225 724 1265 787 de
1277 724 1348 787 celo.

232 843 269 936 (Ι.
289 836 449 920 Quotidie
472 858 532 920 per
553 846 699 915 octauas,
715 847 750 901 et
773 837 805 901 in
829 847 959 913 octaua,
974 837 1095 901 dicitur
1116 836 1291 919 sequentia
1313 835 1392 899 Ecce

180 934 282 1004 pams

232 1035 279 1117 [d.
295 1034 341 1118 ii]
384 1042 418 1112 (Ι
442 1037 539 1099 Feria
565 1038 615 1099 .vi.
639 1037 683 1099 de
698 1046 816 1100 saneto
833 1037 989 1114 Ricardo,
1010 1037 1057 1099 ix.
1081 1035 1249 1112 lectiones,
1276 1034 1391 1099 Medic

188 1123 348 1186 lectiones
377 1124 421 1186 de
447 1124 573 1186 sanctis
604 1123 715 1187 Cirico
737 1133 772 1186 et
798 1124 932 1198 lulitta;
966 1143 1092 1186 nonum
1125 1123 1389 1204 Responsorium

186 1219 340 1274 cantetur
369 1230 390 1272 a
420 1210 560 1285 duobus,
585 1221 721 1292 propter
744 1222 883 1275 octauas
896 1232 904 1287 ;
929 1211 1090 1274 memoria
1109 1210 1153 1274 de
1176 1211 1389 1293 martyribus,

185 1297 229 1359 de
248 1297 378 1360 octauis
403 1297 563 1380 Corporis
580 1297 713 1373 Christi,
728 1308 763 1362 et
779 1299 822 1362 de
844 1299 974 1361 octauis
998 1297 1182 1361 Trinitatis.
1229 1298 1389 1380 Hymnus

187 1382 354 1460 Solnator,
371 1404 447 1447 cum
463 1404 560 1447 versu
576 1383 647 1446 Deo
655 1385 758 1465 patri.

229 1502 263 1571 (Ι
286 1496 447 1571 Sabbato,
470 1496 513 1559 de
539 1496 678 1573 octauis,
705 1506 772 1560 tres
795 1494 965 1574 lectiones,
988 1495 1169 1559 versiculus
1184 1505 1219 1558 et
1236 1496 1390 1578 Respon-

186 1585 277 1645 soria
320 1583 362 1646 de
394 1584 503 1665 primo
534 1593 707 1658 nocturno,
731 1603 807 1646 cum
839 1583 1001 1647 memoria
1024 1593 1156 1647 tantum
1196 1585 1239 1647 de
1261 1583 1392 1647 octauis

187 1670 370 1733 Trinitatis.
416 1670 472 1734 Ad
497 1690 652 1751 vesperas
676 1670 850 1734 inchoetur
872 1670 1010 1733 historia
1033 1690 1108 1733 cum
1133 1670 1294 1733 memoria
1316 1681 1390 1733 tan-

185 1769 268 1829 tum,
298 1758 483 1839 antiphona
511 1757 655 1838 Loquere
683 1756 831 1832 Domine,
863 1767 940 1840 post
970 1758 1166 1820 memoriam
1197 1756 1240 1819 de
1265 1760 1390 1821 sanctis

187 1845 401 1925 martyribus²
430 1854 465 1907 et
496 1845 657 1907 memoria
688 1842 748 1908 fiat
770 1846 813 1908 de
842 1844 1018 1917 Trinitate,
1048 1853 1083 1907 et
1112 1845 1281 1927 processio
1310 1855 1391 1908 ante

183 1952 326 1997 crucem.

362 2048 397 2119 (Ι
420 2042 599 2106 Dominica
627 2043 734 2124 prima
750 2053 828 2126 post
843 2043 964 2107 sestum
993 2041 1117 2106 Sancte
1132 2041 1314 2117 Trinitatis,
1332 2042 1391 2107 fiat

185 2094 259 2163 1⁰⁰²
275 2090 328 2163 ¹⁸⁴]
363 2130 539 2194 seruicium
552 2131 595 2193 de
610 2131 738 2193 octauis
749 2130 906 2213 Corporis
916 2129 1048 2195 Christi.
1092 2129 1221 2193 ³Medis}
1231 2129 1390 2193 lectiones

188 2215 231 2278 de
260 2218 462 2299 martyribus
495 2216 612 2280 Marco
635 2226 669 2281 et
698 2217 868 2293 Marcello,
890 2237 967 2280 cum
998 2217 1227 2299 Responsorio
1250 2216 1321 2281 Her
1344 2228 1393 2281 est

186 2323 264 2365 vero
278 2305 299 2364 :⁸
329 2324 455 2367 nonum
480 2304 742 2386 Responsorium
765 2325 786 2367 a
815 2303 946 2367 duobus
969 2313 1130 2367 cantetur.
1178 2302 1217 2367 In
1235 2303 1390 2369 laudibus

187 2409 253 2451 vna
261 2391 458 2473 antiphona,
469 2400 503 2455 et
513 2402 580 2456 tres
591 2392 758 2454 memorie.
803 2391 860 2454 Ad
874 2392 1026 2474 primam,
1041 2390 1227 2473 antiphona
1242 2391 1286 2455 Te
1297 2392 1389 2457 inre.⁴

228 2507 263 2578 (Ι
285 2502 382 2566 Feria
397 2503 438 2567 .ii.
453 2504 496 2567 de
510 2503 648 2582 octauiS,
663 2513 729 2566 tres
746 2503 913 2566 lectiones,
959 2503 1185 2585 Responsoria
1211 2503 1254 2565 de
1280 2503 1390 2586 primo

186 2599 350 2653 nocturno
366 2599 400 2653 et
416 2591 577 2654 memoria
592 2589 636 2653 de
651 2591 875 2671 martyribus!

227 2707 262 2778 (Ι
285 2701 443 2766 Feriaiii.
459 2703 502 2767 de
517 2704 666 2776 octauis;
687 2702 867 2765 versiculus
885 2711 920 2765 et
936 2701 1162 2785 Responsoria
1174 2701 1218 2765 de
1240 2702 1389 2767 secundo

186 2798 357 2862 nocturno,
373 2798 407 2853 et
424 2791 584 2853 memoria
599 2790 642 2853 de
657 2801 774 2853 sancto
791 2789 968 2854 Edwardo.

227 2906 261 2976 (Ι
286 2901 382 2964 Feria
393 2901 457 2965 iiii.
473 2901 516 2964 de
540 2903 677 2977 octauis,
699 2900 879 2965 versiculus
902 2910 937 2964 et
956 2900 1195 2983 Responsoria
1217 2900 1260 2963 de
1282 2901 1388 2965 tercio

185 2999 356 3051 nocturno.
402 2988 459 3051 nd
489 3009 653 3071 vesperas,
690 3009 792 3070 super
820 2987 977 3071 psalmos,
1006 2987 1068 3050 hec
1097 2987 1170 3050 sola
1199 2988 1385 3070 antiphona

187 3074 352 3152 Sacerdos,
381 3076 544 3157 psalmus⁶
569 3076 669 3139 Dicit
691 3075 865 3152 Dominus,
894 3085 929 3138 et
948 3075 1049 3138 ceteri
1081 3074 1211 3157 psalmi,
1241 3076 1327 3139 sicut
1350 3076 1382 3139 in

183 3162 298 3244 primis
309 3164 465 3245 vesperis.

226 3280 260 3350 (Ι
284 3274 381 3337 Feria
410 3296 448 3338 .v.
478 3275 522 3338 de
554 3275 696 3338 octaua]
741 3273 978 3337 lnuitatorium
1007 3272 1142 3354 triplex.
1187 3273 1233 3336 Et
1263 3272 1384 3337 festum

185 3361 290 3424 sancti
307 3361 434 3426 Albani
457 3360 630 3425 differatur
652 3362 685 3424 in
708 3361 898 3425 crastinum.
945 3359 1099 3424 Secunde
1119 3380 1255 3442 vespere
1276 3369 1386 3424 erunt⁸

185 3448 227 3510 de
264 3459 383 3511 sancto
412 3448 559 3526 Albano,
588 3449 771 3512 secundum
804 3445 975 3523 ordinale,⁹
1006 3447 1166 3510 memoria
1196 3448 1239 3511 de
1269 3458 1385 3511 sancta

184 3534 412 3615 Etheldreda;
436 3535 568 3600 Deinde
591 3536 633 3599 de
655 3535 783 3599 octauis
795 3555 804 3613 ;
834 3535 981 3618 hymnus
1006 3533 1265 3598 saluatorem
1289 3555 1385 3599 versu

182 3622 253 3685 Deo
265 3622 369 3705 patri.

225 3740 260 3811 (Ι
283 3734 381 3798 Feria
395 3734 444 3797 .vi.
460 3734 504 3798 de
518 3743 636 3798 sancto
651 3732 797 3810 Alban0,
811 3743 846 3797 et
863 3733 972 3797 medie
987 3732 1147 3796 lectiones
1163 3733 1206 3796 de
1224 3733 1388 3815 virgine,¹⁰

183 3842 259 3884 cum
275 3822 504 3903 Responsorio
518 3821 669 3903 Regnum
685 3819 810 3897 mundi,
827 3840 953 3884 nonum
970 3820 1231 3902 Responsorium
1254 3820 1385 3901 Percep-

183 3918 286 3983 turus,
302 3920 337 3972 et
349 3909 471 3972 dicitur
479 3908 627 3992 psalmus
642 3907 705 3970 Ad
710 3917 741 3970 te
749 3907 868 3970 Imaui.
900 3907 1007 3971 Missa
1018 3908 1062 3970 de
1077 3906 1215 3989 vigilia¹¹
1232 3916 1388 3971 cantetur

183 3995 364 4058 solenniter
378 3994 422 4058 ad
437 3995 542 4059 altare
557 3995 772 4059 autenticum.

218 4146 276 4198 ¹de
279 4147 328 4212 sor
338 4147 383 4199 inr
400 4146 442 4210 87,
454 4146 495 4198 88.
539 4213 545 4225 .
721 4212 727 4224 .
959 4144 1033 4198 ¹SS.
1049 4147 1136 4196 Marco
1148 4155 1173 4197 et
1185 4146 1357 4222 Marcelliano.

216 4212 271 4251 ’Δ
286 4222 311 4289 et
319 4222 425 4329 ,taum
441 4211 610 4344 ppesrpoffiapodle
626 4213 793 4277 martyribus:
810 4223 852 4275 97,
869 4224 910 4264 οι.
946 4214 1049 4263 “mem.
1068 4212 1100 4262 de
1116 4212 1197 4272 dom,
1214 4212 1247 4262 de
1263 4212 1346 4272 Tun„
1363 4222 1389 4262 et

216 4473 322 4525 'fientr
340 4472 382 4535 87,
394 4473 434 4525 88.
730 4471 742 4504 ⁹
782 4473 822 4523 rde
834 4472 1153 4548 CredeMrclffirzrm.
1169 4485 1224 4534 149,
1237 4488 1280 4537 pp.
1294 4472 1336 4536 65,
1350 4484 1390 4535 71.

218 4538 239 4571 ¹⁶
255 4541 282 4592 S.
298 4539 460 4591 Etheldreda.
730 4537 749 4570 ¹¹
766 4538 793 4590 S.
809 4539 930 4589 Iohanms
941 4538 1014 4603 Bupt.
