3316 5220
276 476 324 529 302
603 459 725 509 DIREC
729 459 754 508 Τ
752 460 880 511 ORIUM
908 461 951 508 SA
958 459 1176 510 CERDOTUM.

319 622 353 693 (Ι
376 614 474 678 Feria
497 634 561 677 om.
585 614 628 678 de
652 621 769 677 sancta
793 613 953 697 Agnete,¹
979 612 1216 677 Inuitatorium
1241 613 1390 698 duplex:
1424 626 1494 679 tres

274 704 443 767 lectiones
489 701 525 783 [n
541 699 629 783 .viii.]
674 698 870 782 Capitulum
885 699 1028 763 Domine
1045 699 1137 763 Deus
1151 719 1248 764 meus.

319 829 353 900 (Ι
377 822 474 885 Feria
490 842 530 884 .v.
545 821 588 884 de
604 819 690 884 festo
705 819 778 884 loci.

318 949 354 1020 (Ι
377 942 475 1006 Feria
496 941 547 1005 .vi.
569 940 613 1005 de
642 948 760 1004 sancta
784 939 926 1016 Batilde‚
957 939 1195 1004 *Inuitatorium
1226 941 1380 1024 simplex,
1411 962 1492 1006 cum

276 1029 503 1113 Responsorio
517 1027 669 1110 Regnum
685 1027 809 1090 numdi.

318 1156 352 1226 (Ι
375 1147 535 1225 Sabbato,
553 1147 595 1210 de
610 1155 728 1210 sancta
745 1146 864 1210 Maria.

319 1275 353 1345 (Ι
374 1267 443 1332 Vbi
475 1265 559 1330 fiunt
587 1276 656 1330 tres
693 1264 1039 1341 commemorationes,
1077 1265 1109 1328 in
1149 1266 1190 1329 .ii.
1222 1266 1303 1331 feria
1333 1266 1393 1332 fiat
1422 1289 1493 1332 vna

273 1354 561 1420 commemoratio.
607 1353 654 1417 Et
668 1361 748 1417 tunc
766 1353 872 1415 Missa
887 1352 1096 1415 dominicalis
1112 1363 1266 1418 cantetur
1281 1355 1328 1417 in²
1344 1356 1394 1420 .vi.
1408 1354 1492 1421 seria

276 1463 338 1527 pro
352 1460 485 1506 summa
501 1437 624 1504 missa'

364 1609 400 1682 o
452 1557 1492 1729 uultuisimulitum·mutum

277 1735 454 1799 dicuntur.⁸
497 1733 555 1797 Ad
571 1753 736 1816 vesperas,
753 1694 914 1796 memoria
930 1733 974 1796 de
988 1734 1157 1798 dominica
1172 1735 1236 1798 sub
1251 1671 1469 1802 silentiopfiat.

319 1861 355 1932 (Ι
378 1854 474 1919 Feria
489 1854 538 1931 .ii.,
554 1852 676 1917 festum
694 1852 934 1917 Purificationis
957 1853 1055 1917 beate
1079 1853 1205 1918 Marie:
1230 1854 1337 1919 maius
1352 1855 1491 1939 duplex.

277 1942 336 2006 Ad
356 1941 520 2006 secundas
542 1960 699 2024 vesperas
721 1960 783 2022 pro
804 1940 934 2023 hymno
957 1940 1087 2005 dicatur
1107 1941 1327 2006 Letabundus.
1374 1943 1492 2007 Nulla⁴

278 2030 439 2093 memoria
454 2028 497 2092 de
512 2037 630 2095 sancto
646 2027 766 2091 Blasio.

319 2149 475 2225 Ueria
511 2147 563 2212 ,iii
602 2147 645 2211 de
674 2155 791 2211 sancto
822 2146 944 2223 Blasio,
977 2147 1211 2212 Inuitatorium
1243 2148 1392 2232 duplex:
1421 2159 1491 2214 tres

275 2235 456 2299 lectiones:
478 2235 673 2318 Capitulum
692 2232 808 2300 Omnis
815 2233 972 2316 pontifex.

279 2476 473 2646 Ameria
502 2497 540 2538 .v.
571 2474 614 2538 de
643 2483 760 2537 sancta
798 2473 955 2555 Agatha:
994 2473 1038 2536 ix.
1077 2474 1254 2539 lectiones:
1293 2476 1492 2559 Capitulum

304 2585 344 2626 on
383 2584 462 2627 eor.

275 2771 286 2834 l
319 2683 474 2785 {Foris
509 2682 560 2746 .vi.
587 2664 639 2744 ¹de
669 2680 936 2758 consessoribus,5
961 2681 1195 2746 Inuitatorium
1221 2683 1387 2767 simplex:
1422 2694 1495 2749 tres

288 2780 444 2834 ectiones.

319 2896 353 2966 (Ι
377 2888 538 2965 Sabbato,
560 2888 604 2952 de
622 2896 739 2950 sancta
764 2885 880 2950 Maria
928 2886 968 2950 In
992 2887 1116 2965 missa,l
1138 2889 1179 2952 K
1168 2890 1245 2970 yrie
1268 2890 1469 2973 omnipotens
1481 2917 1495 2957 .·

277 2977 435 3060 Spiritus,
449 2986 481 3040 et
501 2976 586 3039 alme
595 2999 607 3039 .·
630 2984 664 3038 et
674 2973 867 3038 Benedictus
880 2973 1106 3057 Man‘efilius.

320 3104 354 3174 (Ι
376 3096 445 3159 Vbi
483 3094 568 3159 fiunt
597 3105 664 3159 tres
694 3094 1038 3170 commemorationes,
1077 3095 1110 3159 in
1140 3097 1191 3160 .vi.
1222 3096 1304 3162 seria
1334 3095 1393 3163 fiat
1424 3119 1496 3164 vna

273 3183 559 3258 commemoratio,
575 3193 610 3246 et
625 3182 786 3246 memoria
801 3182 844 3245 de
859 3181 1003 3245 sanctis.⁷

320 3310 354 3381 (Ι
377 3303 503 3369 Omnia
525 3302 610 3365 festa
633 3301 732 3365 trium
756 3301 936 3364 lectionum
959 3304 1129 3385 usquead
1153 3314 1254 3387 caput
1276 3305 1389 3369 ieiunii
1413 3327 1493 3371 cum

277 3400 441 3455 nocturno
456 3389 681 3453 celebrentur:
703 3388 763 3453 sed
779 3387 871 3452 nulla
887 3390 1048 3454 memoria
1064 3387 1122 3453 fiat
1137 3391 1180 3453 de
1196 3390 1284 3456 feria

279 3524 346 3578 Feb.
360 3519 398 3592 8.]
450 3516 484 3586 (Ι
508 3509 688 3573 Dominica
704 3508 736 3570 in
746 3506 839 3584 lxx,
853 3516 964 3572 totum
974 3509 1017 3573 de
1033 3510 1207 3574 dominica

320 3639 354 3710 (Ι
377 3631 474 3695 Feria
489 3629 529 3694 .ii.
545 3630 588 3692 de
604 3628 692 3692 feria.
739 3627 845 3691 Missa
862 3626 965 3691 Salus
971 3629 1091 3711 populi.

318 3760 353 3830 (Ι
376 3751 472 3816 Feria
509 3749 561 3814 .iii.
603 3749 646 3812 de
689 3757 804 3811 sancta
849 3745 1051 3813 Scolastica:
1096 3760 1163 3814 tres
1208 3752 1366 3816 lectiones
1411 3775 1492 3820 cum

275 3849 447 3905 nocturno.

318 4087 352 4158 (Ι
377 4079 474 4143 Feria
488 4099 525 4142 .v.
541 4077 585 4141 de
600 4075 685 4140 sesto
701 4075 773 4139 loci.

310 4337 317 4366 1
336 4334 384 4386 2⁴¹⁰.
876 4326 931 4365 ²-²
946 4345 976 4379 oa
995 4328 1056 4380 itulo
1068 4331 1094 4381 in
1105 4332 1247 4385 dominica:
1265 4347 1307 4397 97,
1323 4349 1365 4386 01.

310 4400 467 4451 ³dicantur:
485 4394 526 4446 88.
877 4393 888 4423 ⁴
904 4404 956 4443 01¹¹
984 4396 1026 4444 ¹⁸²
1044 4395 1085 4457 87,
1098 4396 1138 4447 33·

309 4467 320 4498 ⁵
337 4466 383 4516 SS.
397 4463 509 4513 Vedasto
520 4470 545 4510 et
557 4458 682 4510 Amando.
876 4457 888 4489 ⁸
903 4474 977 4524 super
989 4471 1093 4513 cantus:
1111 4465 1167 4513 add.
1181 4474 1222 4526 97,
1235 4478 1276 4516 οι.

309 4532 320 4564 ἵ
337 4531 383 4582 ss.
398 4529 518 4588 vedasto,
532 4535 579 4576 etc.
