3330 5218
284 482 315 536 52
603 466 877 518 DIRECTORIUM
894 466 1162 517 SACERDOTUM.

284 624 328 688 ad
355 642 509 706 vesperas
539 622 582 684 de
608 621 664 684 illa
693 619 1008 683 commemoratione
1035 619 1094 683 fiat
1120 620 1280 683 memoria
1303 620 1347 684 de
1369 632 1487 687 sancto

287 710 457 788 Marcello
471 711 514 773 de
529 709 703 783 dominica,
719 717 753 771 et
768 707 811 770 de
826 716 941 769 sancta
958 706 1074 769 Maria

285 917 514 1000 accipiendum
530 924 581 978 est
593 915 730 979 tercium
746 913 777 976 A
797 933 857 995 pro
873 913 1020 976 secundo
1035 914 1093 976 A!

461 1042 495 1111 (Ι
517 1035 694 1099 Dominica
723 1034 762 1096 ii.
793 1043 870 1115 post
900 1042 1036 1096 octauas
1064 1033 1262 1116 Epiphanie,
1295 1036 1338 1098 de
1367 1045 1486 1099 sancto

461 1123 638 1186 Vincentio
661 1122 717 1184 ix.
742 1121 900 1183 lectiones
923 1122 995 1182 sine
1021 1122 1240 1201 expositione.
1286 1119 1344 1185 Ad
1361 1123 1485 1205 primas

285 1230 449 1291 vesperaS,
464 1210 648 1292 antiphona
670 1208 792 1271 Beatus
809 1208 866 1270 vir
882 1206 948 1270 vel³
962 1206 1028 1270 Iste
1049 1218 1187 1271 sanctus.
1232 1208 1425 1291 Capitulum
1442 1210 1485 1273 de

285 1298 461 1359 communi.
517 1296 682 1360 Secunde⁴
715 1314 849 1376 vespere
883 1304 980 1357 erunt
1004 1294 1046 1356 de
1077 1305 1195 1358 sancto
1217 1295 1419 1374 Vincentio?
1449 1306 1484 1360 et

286 1385 444 1447 memoria
460 1384 502 1446 de
517 1383 692 1458 dominica,
707 1391 740 1445 et
756 1382 798 1445 de
813 1391 928 1445 sancta
944 1380 1060 1443 Maria.

287 1090 350 1158 Jan.
363 1084 419 1157 22]

327 1510 361 1579 (Ι
385 1503 479 1566 Feria
515 1502 555 1566 ii.
592 1503 635 1565 de
672 1501 780 1563 seriis:
821 1500 1063 1576 Inuitatorium,
1099 1502 1254 1582 hymnus
1292 1502 1484 1584 antiphone,

285 1589 414 1672 psalmi,
431 1589 617 1665 versiculus,
636 1586 882 1670 Responsoria,⁶
897 1587 982 1649 sicut
997 1589 1030 1648 in
1047 1588 1087 1650 .ii.
1104 1589 1184 1652 seria
1200 1598 1275 1670 post
1291 1589 1433 1653 Domine
1445 1610 1486 1654 nc

270 1677 320 1739 ‘in
350 1678 411 1741 ira.
468 1676 588 1741 Cetera
617 1675 738 1751 omnia,
769 1676 853 1737 sicut
883 1674 916 1736 in
948 1673 1096 1757 predicta
1126 1675 1227 1738 feria:
1260 1677 1419 1739 memoria
1441 1679 1485 1741 de

284 1773 400 1827 sancta
424 1764 540 1840 Maria,
555 1773 590 1826 et
612 1763 654 1825 de
674 1761 840 1827 Omnibus
864 1759 1004 1835 Sanctis
1028 1782 1102 1823 cum
1127 1763 1228 1825 missa
1253 1762 1370 1827 Omnis
1389 1773 1486 1826 terra.

285 1849 451 1915 Secunde⁴
477 1871 614 1933 vespere
643 1860 739 1912 erunt
768 1849 812 1912 de
838 1848 924 1911 sesto
949 1848 1019 1925 loci,
1046 1857 1080 1911 et
1105 1851 1263 1912 memoria
1293 1850 1336 1913 de
1366 1859 1485 1915 sancta

286 1938 401 2001 Maria

327 2063 361 2132 (Ι
385 2055 481 2120 Feria
510 2056 563 2119 iii.
593 2054 636 2118 de
666 2054 752 2117 festo
782 2052 853 2127 loci,
885 2063 919 2115 et
950 2053 1109 2117 memoria
1140 2055 1183 2117 de
1212 2064 1328 2118 sancta
1366 2055 1486 2120 Maria.

286 2141 451 2206 Secunde⁴
466 2162 602 2225 vespere
616 2150 712 2204 erunt
728 2142 770 2204 de
787 2139 1012 2204 Conuersione
1027 2140 1132 2203 sancti
1149 2140 1252 2213 Pauli,
1268 2144 1428 2206 memoria
1443 2143 1487 2207 de

286 2239 402 2293 sancto
419 2230 567 2293 Preiecto
583 2239 735 2310 martyre,
751 2228 842 2291 etde
858 2237 974 2290 sancta
990 2228 1105 2290 Maria.

326 2356 362 2426 (Ι
395 2351 492 2415 Feria
521 2351 585 2413 iiii.
614 2350 657 2414 de
687 2347 914 2413 Conuersione
944 2348 1050 2411 sancti
1083 2347 1187 2411 Pauli.
1249 2349 1484 2414 Inuitatorium

284 2438 417 2520 triplex,
433 2439 477 2500 ix.
494 2437 674 2500 lectiones:
697 2434 859 2498 memoria
880 2435 923 2497 de
946 2444 1062 2497 sancto
1087 2436 1245 2514 Preiecto,
1260 2445 1295 2499 et
1310 2437 1353 2499 de
1368 2447 1486 2502 sancta

287 2523 403 2587 Maria.
448 2523 505 2588 Ad
523 2524 658 2587 missam
675 2523 796 2586 dicitur
813 2520 923 2599 Credo,
937 2531 971 2584 et
989 2522 1133 2585 Presatio
1148 2522 1191 2584 de
1207 2523 1376 2605 apostolis,

327 2652 361 2721 (Ι
380 2644 482 2708 >Feria
506 2667 543 2708 .v.
568 2644 610 2707 de
634 2643 729 2720 seriis,
754 2663 830 2705 cum
856 2643 1090 2723 Responsoriis
1120 2641 1269 2706 eiusdem
1295 2642 1383 2721 ferie,
1408 2664 1485 2708 cum

285 2733 388 2796 missa
402 2730 557 2795 Adorotr.

328 2858 362 2927 (Ι
386 2852 481 2914 Feria
511 2850 561 2914 .vi.
592 2849 635 2912 de
661 2857 777 2912 sancto
807 2848 935 2911 Iuliano
962 2848 1129 2930 episcopo,
1184 2848 1378 2931 Capitulum
1405 2848 1486 2916 Ecce

284 2938 437 3015 sacerdos,
463 2938 623 3000 memoria
649 2937 692 3000 de
722 2945 837 2998 sancta
868 2935 989 3010 Maria,
1012 2944 1047 2998 et
1071 2935 1114 2998 de
1144 2932 1312 3000 Omnibus
1343 2936 1486 3003 Sanctis

288 3024 522 3088 Inuitatorium
538 3022 674 3106 duplex,
691 3032 757 3086 tres
773 3022 941 3085 lectiones.

328 3150 364 3220 (Ι
388 3144 548 3221 Sabbat0,
558 3144 601 3207 de
616 3153 732 3206 sancta
749 3142 869 3205 Maria⁷
885 3142 994 3222 Jeyrr'e
1007 3142 1226 3224 omnipotens.
1243 3153 1276 3207 et
1293 3143 1442 3225 Spiritus
1456 3156 1489 3208 et

286 3232 379 3295 alme.
415 3231 483 3295 Vbi
499 3230 583 3293 fiunt
599 3240 665 3293 tres
680 3230 1023 3303 commemorationes
1040 3230 1074 3291 in
1090 3252 1126 3293 .v.
1143 3231 1224 3294 feria
1240 3230 1310 3293 fiat⁸
1326 3232 1487 3296 secunda⁹

286 3319 607 3382 commemoratio¹⁰:
622 3327 656 3380 et
671 3326 751 3380 tunc
767 3317 800 3378 in
816 3316 984 3378 dominica
995 3316 1126 3380 dicatur
1141 3319 1243 3380 missa
1255 3317 1372 3382 Omnis
1386 3327 1485 3396 terra,

287 3406 320 3468 in
337 3406 493 3487 capitulo
508 3415 543 3469 et
559 3405 660 3467 missa
675 3404 821 3467 Adorote
832 3403 865 3466 in
879 3403 918 3466 .ii.
934 3401 1022 3466 seria.
1068 3402 1125 3465 Ad
1141 3425 1295 3486 vesperas
1311 3404 1487 3470 claudatur

287 3493 426 3557 alleluriz.

461 3619 495 3688 (Ι
518 3611 697 3675 Dominica
723 3611 756 3673 in
780 3609 1037 3692 septuagesima,
1060 3619 1132 3674 tota
1154 3611 1276 3676 dicitur
1300 3612 1485 3676 historia¹¹:

286 3662 348 3731 Μ’
363 3659 418 3733 ²9‘]
463 3700 623 3762 memoria
639 3699 681 3761 de
696 3708 811 3761 sancta
828 3697 945 3760 Maria.

321 3987 374 4024 ¹—²
389 4008 435 4041 ont.
450 3990 491 4054 87,
504 3992 545 4042 88.
580 3994 635 4043 The
646 3992 725 4057 prime
737 3992 814 4055 ought
826 4001 852 4041 to
862 3992 894 4040 be
907 3992 925 4017 “
935 3990 994 4040 xv.'’
1005 4000 1049 4040 not
1063 3994 1080 4017 ‘⁸
1089 3991 1152 4041 iiii.”

320 4053 407 4133 ‘for'
420 4058 511 4108 Beatus
527 4057 565 4134 vir
583 4060 623 4108 vel
640 4068 671 4120 97
691 4059 746 4107 and
756 4070 786 4107 01
806 4058 867 4105 hooc
883 4072 956 4120 super
975 4058 1084 4121 psalmos
1100 4066 1126 4106 et
1143 4057 1310 4122 Responsoria
1326 4058 1443 4110 dicuntur
1460 4059 1487 4110 in

287 4123 652 4251 suleggltlrlrlssluolrrlnlssolllg:
922 4184 932 4215 ⁵
948 4185 1098 4237 Vincentio:
1115 4203 1162 4237 om.
1176 4186 1218 4250 87,
1230 4186 1269 4238 88.

320 4248 331 4280 ⁶
346 4262 371 4301 et
383 4253 568 4318 Responsoria:
585 4254 627 4315 87,
639 4252 678 4303 88.

320 4315 388 4367 ⁷Ad
400 4319 499 4368 missam
512 4319 607 4384 Kyrie:
624 4321 680 4368 add.
694 4317 736 4380 87,
748 4317 789 4367 88.
823 4324 910 4368 cantus
921 4332 1009 4380 super:
1027 4319 1083 4367 add.
1096 4327 1138 4378 97,
1150 4331 1191 4368 οι.

320 4379 405 4432 ⁸fiet:
423 4395 464 4444 97,
476 4398 517 4434 01.
924 4380 1015 4432 lvna:
1033 4380 1074 4447 87,
1087 4382 1127 4433 88.

321 4445 342 4478 ¹⁰
356 4450 576 4499 commemoratio:
588 4466 635 4500 om.
649 4448 690 4510 87,
702 4447 742 4498 88.
1063 4480 1068 4515 ,

320 4514 340 4547 ¹¹
357 4523 382 4566 et
392 4516 529 4566 memoria:
547 4514 589 4577 87,
601 4513 641 4565 88.
