3326 5208
272 449 322 499 230
526 472 533 484 .
590 439 687 488 DIRE
691 440 713 488 C
716 440 865 492 TORIUM
894 439 1160 490 SACERDOTUM.

315 596 349 665 (Ι
373 590 401 651 F
403 591 470 652 eria
485 591 533 654 .iii.
550 591 592 654 de
607 603 724 656 sancta
741 593 879 669 Iuliana,
895 613 970 655 cum
988 603 1160 656 nocturno

315 708 349 777 (Ι
374 702 470 765 Feria
486 704 545 767 .iiii.
562 705 604 768 de
620 705 707 769 seria.
754 704 907 787 Epistola
923 714 956 767 et
971 704 1182 786 euangelium
1199 703 1346 767 eiusdem
1365 703 1451 767 serie.

315 819 349 889 (Ι
374 815 469 877 Feria
484 838 521 878 .ν,
538 817 580 879 de
597 815 681 880 sesto
697 818 767 881 loci.

315 932 349 1002 (Ι
373 927 469 989 Feria
484 929 532 992 .vi.
549 929 591 991 de
607 930 705 993 seria:
729 940 763 994 et
778 930 932 992 dicuntur
949 930 1174 1012 Responsoria
1190 928 1332 992 ferialial

272 1036 275 1043 '
314 1044 348 1113 (Ι
372 1037 532 1117 sabbato,
547 1040 589 1103 de
605 1052 721 1105 sancta
738 1042 853 1105 Maria

273 1234 276 1243 γ
315 1156 349 1225 (Ι
372 1150 438 1213 Vbi
481 1152 565 1216 fiunt
596 1164 662 1217 tres
692 1154 1033 1229 commemorationes
1064 1154 1096 1215 in
1135 1154 1172 1218 .ii.
1205 1154 1284 1217 seria
1322 1150 1380 1215 fiat
1416 1172 1483 1214 vna

271 1241 553 1304 commemoratio.

273 1362 340 1415 Feb.
355 1360 410 1429 21.]
449 1358 482 1428 (Ι
507 1353 684 1415 Dominica
699 1354 732 1415 in
749 1351 826 1430 .lx.‚2
843 1364 914 1416 tota
929 1362 1082 1416 cantetur
1097 1351 1242 1415 historia

273 1551 281 1612 l
314 1465 468 1565 (ΙΡεήα
505 1466 543 1529 .ii.
581 1466 624 1528 de
662 1475 779 1529 sancto
826 1467 931 1528 Petro.
1001 1465 1234 1528 Inuitatorium
1273 1463 1481 1545 triplex.ix.

286 1564 438 1616 ectrones.

315 1670 349 1739 (Ι
373 1664 469 1726 Feria
485 1665 533 1728 .iii.
550 1664 592 1726 de
609 1662 694 1727 sesto
710 1663 781 1727 loci.

314 1782 348 1851 (Ι
372 1775 517 1840 Sanctus
534 1775 681 1839 Mathias
697 1796 763 1838 non
780 1776 883 1838 habet
898 1775 1052 1856 vigiliam,
1069 1775 1129 1837 nisi
1146 1774 1302 1838 ieiunium
1319 1784 1460 1837 tantum.

315 1894 349 1964 (Ι
374 1889 469 1952 Feria
485 1890 544 1953 .iiii.
561 1889 603 1951 de
618 1898 736 1952 sancto
753 1887 907 1964 Matthia,
925 1886 1065 1951 Inferius
1080 1887 1217 1970 duplex,
1232 1887 1277 1951 ix.
1294 1886 1460 1950 lectiones.

314 2007 348 2076 (Ι
372 2002 400 2064 F
402 2002 469 2063 eria
484 2023 521 2065 .v.
538 2003 581 2063 de
596 2002 686 2075 seria,
703 2021 778 2064 curn
796 2001 897 2062 missa
913 2010 1031 2081 quarte
1047 1999 1134 2063 serie.

314 2119 348 2188 (Ι
372 2113 400 2175 F
402 2114 468 2176 eria
483 2114 531 2177 .vi.
548 2115 589 2177 de
602 2113 689 2177 seria
737 2112 890 2195 Epistola
904 2122 939 2175 et
954 2112 1165 2195 euangelium
1181 2112 1330 2174 eiusdem
1353 2111 1437 2176 serie.

314 2231 348 2300 (Ι
373 2225 533 2302 Sabbato,
548 2227 590 2289 de
606 2236 722 2289 sancta
740 2226 854 2288 Maria

315 2343 349 2412 (Ι
372 2337 438 2399 Vbi
457 2337 540 2401 fiunt
562 2348 630 2401 tres
652 2338 995 2413 commemorationes,
1014 2338 1052 2400 In
1068 2336 1116 2400 .vi.
1134 2336 1214 2399 seria
1231 2336 1289 2401 fiat
1311 2358 1376 2400 vna
1391 2358 1483 2400 corn·

273 2427 476 2488 memoratio.

274 2536 414 2684 Mflhln
453 2558 541 2600 anno
579 2539 734 2613 bisextili‚
767 2537 799 2599 in
834 2560 871 2600 .v.
907 2536 986 2599 seria
1017 2537 1079 2599 erit
1103 2537 1277 2600 seruicium
1302 2539 1344 2599 de
1366 2548 1485 2601 sancto

313 2634 347 2685 at
373 2624 412 2688 ia
599 2640 601 2643 ’

315 2741 349 2810 (Ι
375 2735 419 2796 Et
443 2736 487 2799 ab
513 2736 588 2798 hinc
615 2757 719 2819 vsque
746 2738 788 2800 ad
819 2737 1043 2819 inceptionem
1074 2736 1217 2812 historie,
1241 2736 1298 2817 (ln
1306 2736 1483 2818 prtircipto)

272 2823 454 2902 accipiatur
476 2834 632 2906 quartum
659 2825 698 2897 B,
720 2845 780 2907 pro
808 2823 916 2887 littera
943 2824 1152 2886 dominicali:
1183 2834 1217 2887 et
1241 2824 1413 2887 inchoetur
1438 2827 1483 2887 ad

272 2908 473 2972 dominicam
489 2912 522 2973 in
538 2912 821 2994 quinquagesima.

275 3033 343 3087 Feb.
358 3029 412 3102 28.]
450 3031 484 3100 (Ι
509 3024 685 3087 Dominica
701 3025 734 3085 in
748 3023 1044 3106 Quinquagesima,
1061 3032 1134 3085 tota
1149 3032 1302 3086 cantetur
1317 3023 1460 3087 historia.

316 3143 350 3212 (Ι
374 3138 401 3200 F
403 3138 469 3199 eria
485 3138 522 3200 .ii.
539 3138 581 3199 de
596 3147 713 3198 sancto
730 3136 851 3210 Dauid,
866 3137 910 3199 ix.
927 3136 1105 3199 lectiones.⁸

317 3255 351 3324 (Ι
375 3250 471 3312 Feria
486 3250 534 3313 .iii.
552 3249 594 3312 de
609 3259 727 3313 sancto
744 3248 869 3325 Cedda,
884 3249 928 3312 ix.
945 3247 1124 3311 lectiones.⁸

317 3368 351 3437 (Ι
376 3362 471 3424 Feria
497 3362 556 3426 .iiii.
580 3362 612 3423 in
636 3361 746 3444 capite
768 3361 886 3437 ieiunii,
917 3361 959 3423 de
991 3360 1077 3423 feria
1125 3360 1182 3423 Ab
1211 3360 1273 3422 hac
1303 3360 1362 3424 .iiii.
1394 3360 1483 3438 seria,

274 3468 379 3529 vsque
394 3460 471 3531 post
486 3458 622 3512 octauas
648 3450 758 3525 Pasce,
776 3448 865 3509 Nihil
890 3445 947 3510 fiat
970 3449 1012 3511 dc
1036 3448 1128 3510 festis
1152 3448 1264 3511 ⁴trium
1282 3447 1485 3523 lectionum‚⁴

276 3537 336 3598 nisi
353 3545 485 3599 tantum
502 3536 662 3599 memoria
677 3535 721 3598 ad
744 3555 899 3617 vesperas
915 3536 961 3596 et⁶
978 3536 1160 3598 matutinas
1175 3535 1218 3597 de
1233 3546 1350 3597 sancta
1367 3535 1484 3600 Maria

273 3702 276 3707 .
318 3654 352 3723 (Ι
377 3648 472 3711 Feria
497 3671 535 3711 .v.
560 3649 618 3723 .vi.,
641 3659 676 3710 et
700 3648 850 3723 sabbate,
875 3647 917 3709 de
941 3647 1070 3710 ieiunio.
1125 3647 1254 3709 Tamen
1281 3647 1313 3708 in
1341 3647 1485 3711 sabbato

275 3735 404 3798 dicatur
420 3737 599 3817 septimum
618 3735 879 3816 Responsorium
896 3734 1039 3810 historie,
1055 3754 1130 3796 cum
1148 3734 1278 3797 duobus
1294 3733 1469 3799 ferialibus,

277 3860 379 3913 March
393 3855 429 3928 7.]
447 3854 481 3924 (Ι
505 3847 683 3911 Dominica
698 3846 724 3910 .i.
741 3847 1004 3928 quadragesime,
1021 3855 1092 3909 tota
1108 3855 1262 3909 cantetur
1276 3846 1420 3910 historia.

319 3968 352 4038 (Ι
378 3962 472 4024 Feria
487 3960 524 4024 .ii.
541 3960 588 4023 .iii.
605 3960 664 4022 .iiii.
680 3980 717 4022 .v.
740 3968 775 4020 et
799 3958 949 4034 sabbato,
965 3959 1007 4020 de
1030 3959 1158 4023 ieiunio.
1205 3959 1250 4022 Et
1266 3958 1298 4021 in
1316 3958 1375 4022 .iiii.
1404 3958 1485 4024 feria

276 4048 404 4111 dicatur
421 4048 681 4130 Responsorium
698 4045 818 4108 feriale.

308 4342 320 4438 ζ
336 4344 452 4457 lfilpistoia
461 4352 485 4394 et
497 4342 654 4407 euangelium
665 4341 776 4392 eiusdem
788 4341 865 4392 serie:
884 4342 939 4436 adr}
951 4354 996 4456 37,
1008 4354 1048 4391 οι.
1115 4407 1138 4438 ¹·
1155 4409 1207 4456 add
1226 4407 1241 4456 8
1280 4407 1313 4457 88

309 4421 631 4535 ⁴-i¹'0,;1.⁰i‘7‚n2mi.
928 4423 1138 4523 *aiffiiiiilii
1147 4473 1188 4534 37,
1202 4420 1267 4523 'aa⁷’
1314 4445 1320 4457 ’
