3330 5218
603 377 700 438 QUIN
702 377 787 428 TUM
802 377 837 426 A.
871 376 928 424 xix.
947 375 1005 424 or'ir‘.
1374 387 1407 440 93

244 533 278 605 ([
302 528 401 592 Feria
423 528 474 591 iii.
497 529 541 593 de
562 539 680 593 sancto
695 528 884 592 Valentino.
931 528 1165 592 inuitatorium
1182 527 1337 611 simplex,
1354 529 1405 591 iii.

201 613 369 679 lectiones.
417 615 609 699 Capitulum
626 617 693 680 Iste
706 626 845 679 sanctus.

200 823 412 904 euangelium
428 824 577 888 eiusdem
594 824 694 887 ferie²

202 1029 213 1093 ¹
245 944 402 1044 QFeria
430 966 468 1008 .v.
499 945 542 1008 de
571 955 687 1009 sancta
725 944 863 1020 Iuliana,
902 945 1135 1009 Inuitatorium
1171 943 1326 1027 simplex,
1354 945 1405 1007 iii.

215 1040 372 1096 ecuonea

246 1156 281 1227 ΙΙ
304 1151 402 1215 Feria
416 1152 466 1215 .vi.
482 1151 526 1216 de
541 1151 627 1216 sesto
642 1152 715 1217 loci.

246 1277 280 1349 (i
304 1271 464 1350 Sabbato‚
479 1272 522 1336 de
544 1283 662 1337 sancta
685 1274 803 1341 Maria.
849 1272 907 1336 Ad
930 1269 1081 1335 missam⁸
1097 1271 1190 1352 kyn'e
1203 1273 1407 1355 omnipotens,

206 1358 356 1441 Spiritus
380 1369 412 1422 et
436 1360 529 1437 alme,
555 1362 603 1423 et⁴
629 1359 820 1423 Benedictus
848 1359 964 1422 Maria
983 1359 1090 1443 filius.
1136 1358 1202 1424 Vbi
1229 1358 1314 1423 fiunt
1340 1371 1408 1423 tres

204 1448 549 1525 commemorationes,
564 1448 597 1510 iu
614 1447 676 1511 iiii.
693 1447 773 1510 feria
789 1446 859 1511 fiet³
874 1467 961 1511 vna:
984 1455 1018 1509 et
1034 1446 1208 1510 claudatur
1221 1447 1364 1510 alleluia.

206 1571 273 1625 feo
289 1566 344 1639 ro]
378 1572 412 1642 {I
435 1567 615 1631 Dominica
630 1568 663 1630 in
679 1566 776 1630 lx>c⁸
790 1576 862 1630 tota
877 1567 998 1630 dicitur
1012 1566 1158 1631 historia

247 1693 281 1763 ἦ
306 1686 404 1749 Feria
419 1686 458 1750 ‚ii
475 1687 518 1751 de
534 1684 623 1750 seria.
669 1686 897 1770 Responsoria
918 1684 1056 1750 historie
1070 1684 1290 1762 dominicalis,
1306 1686 1409 1749 missa

207 1774 310 1838 Salus
317 1774 439 1856 populi.

246 1899 282 1970 ff
305 1895 333 1957 F
334 1893 402 1956 eria
416 1892 468 1956 iii.
484 1893 528 1957 de
543 1892 629 1957 sesto
643 1892 715 1957 loci.

247 2015 403 2092 {Feria
433 2014 498 2078 ‚iiii
528 2015 571 2078 de
601 2024 718 2078 sancto
757 2015 863 2079 Petro.
925 2013 1159 2077 Inuitatorium
1191 2012 1325 2096 triplex,
1363 2015 1408 2078 ix.

205 2102 373 2166 lectiones.
418 2101 476 2165 Ad
492 2102 628 2165 missam
644 2102 766 2166 dicitur
783 2100 884 2167 Credo
898 2111 933 2165 et
955 2100 1099 2164 Prelatio
1114 2102 1158 2165 de
1173 2100 1342 2184 apostolis.

247 2226 283 2297 ΙΙ
306 2220 403 2284 Feria
425 2242 464 2285 .v.
487 2221 530 2285 de
552 2219 643 2286 seria
688 2219 915 2304 Responsoria
937 2219 1063 2285 ferialia
1085 2220 1211 2304 pariter
1224 2230 1410 2286 cantentur.

207 2309 314 2372 Missa
329 2307 392 2372 ,iiii
408 2305 496 2371 serie

248 2434 283 2505 ΙΙ
306 2427 452 2493 Sanctus
471 2428 619 2492 Mathias
635 2448 703 2491 nou
719 2427 821 2492 habet
837 2428 997 2511 vigiliam,
1012 2428 1076 2492 nisi
1092 2429 1252 2493 ieiunium
1267 2438 1410 2494 tantum.

248 2554 283 2625 ΙΙ
307 2548 405 2611 Feria
435 2548 500 2611 .vi'
533 2547 577 2612 de
610 2557 728 2612 sancto
759 2547 891 2611 Mathia
920 2548 1084 2632 apostolo,
1117 2548 1240 2614 festum
1274 2548 1410 2614 inferius

206 2635 344 2717 duplex.
389 2634 447 2698 Ad
463 2655 620 2718 vesperas
635 2634 821 2718 antiphona
837 2634 910 2699 Sub
924 2646 1016 2700 tuam
1032 2635 1221 2700 solenniter.

248 2761 283 2831 ΙΙ
306 2754 467 2830 Sabbato,
502 2756 544 2819 de
573 2766 690 2819 sancta
723 2755 840 2819 Maria.
898 2755 966 2820 Vbi
990 2755 1075 2820 fiunt
1104 2765 1171 2820 tres
1205 2777 1411 2820 commemo·

207 2843 361 2917 rationes,
378 2843 411 2905 in
427 2842 468 2906 ‚ii.
485 2841 566 2906 seria
581 2842 640 2906 fiat
655 2862 722 2907 vna
737 2843 1022 2907 commemoratio.

249 2964 348 3040 (ilo
378 2984 468 3027 anno
498 2964 656 3041 bisextili,
683 2963 741 3028 fiat
775 2964 952 3027 seruicium
984 2964 1028 3027 de
1056 2973 1175 3028 sancto
1205 2962 1337 3029 Mathia
1370 2964 1408 3027 ln

207 3051 369 3128 sabbato;
393 3061 428 3114 et
444 3052 477 3114 in
493 3052 544 3114 .vi.
560 3050 641 3115 seria
656 3050 717 3116 fiat
732 3051 1009 3114 commemoratio
1024 3052 1123 3115 beate
1139 3052 1255 3116 Marie

249 3176 283 3248 (i
306 3171 353 3235 Et
368 3181 448 3235 tunc
463 3170 507 3235 ab
522 3170 586 3235 hoc
608 3171 750 3236 sabbato
771 3191 875 3255 usque
897 3173 940 3236 ad
964 3171 1187 3255 inceptionem
1209 3171 1346 3236 historie
1368 3171 1411 3234 In

201 3258 363 3341 prtitopio
385 3259 568 3341 accipiatur
590 3259 744 3342 quintum
771 3259 802 3323 G
823 3279 885 3341 pro
917 3260 1026 3323 littera
1053 3258 1269 3337 dominicali;
1296 3267 1331 3322 et
1362 3258 1410 3321 in-

207 3346 347 3409 choetur
360 3346 403 3409 ad
420 3345 624 3410 dominicam
638 3346 857 3429 sexagesime

209 3471 277 3526 Feb.
291 3468 346 3540 κά]
381 3471 415 3543 (1
438 3465 618 3530 Dominica
632 3466 854 3550 sexagesime,
869 3475 942 3530 tota
956 3465 1078 3530 dicitur
1092 3465 1239 3530 historia.

250 3594 284 3665 (1
308 3588 406 3652 Feria
426 3587 467 3651 .ii.
491 3588 535 3651 de
560 3586 649 3651 seria.
709 3587 935 3670 Responsoria
964 3586 1102 3652 historie
1131 3586 1341 3651 dominicalis
1363 3586 1414 3650 di·

208 3686 336 3752 cuntur,
352 3695 428 3739 cum
446 3676 547 3738 missa
563 3675 666 3739 Salus
680 3675 801 3756 populi.

250 3801 285 3872 (ἶ
309 3796 407 3858 feria
421 3794 474 3858 ,iii
489 3796 533 3859 de
548 3794 635 3858 sesto
650 3795 723 3859 loci.

250 3920 286 3991 ff
310 3914 338 3977 F
339 3914 407 3978 eria
422 3913 488 3978 .iiii.
505 3914 548 3977 de
562 3926 680 3980 sancto
697 3914 820 3990 Dauid,
835 3912 880 3977 ix.
897 3912 1078 3979 lectiones?

252 4039 286 4111 (i
310 4034 408 4098 Fen‘a
423 4055 461 4099 .v.
478 4034 521 4099 de
536 4046 654 4100 sancto
671 4009 797 4111 Cedda,
812 4033 858 4097 ix.
875 4032 1057 4098 lectiones.⁸

243 4220 252 4252 ¹
269 4220 353 4271 seriis:
370 4232 409 4283 97.
873 4218 885 4250 ²
901 4220 977 4270 ierie:
994 4236 1041 4271 om.
1054 4234 1097 4271 01.

242 4286 357 4336 ’mutus
366 4302 456 4351 super:
472 4287 529 4336 adol
542 4297 583 4348 97,
596 4299 636 4336 οι.
872 4283 940 4335 ‘etz
957 4302 1004 4335 om.
1017 4298 1058 4335 o1.

243 4350 254 4381 ⁸
270 4352 329 4402 irat:
347 4349 389 4412 87,
401 4351 441 4401 88.
875 4347 887 4380 ⁰
903 4350 961 4400 lxxi.
975 4361 1017 4411 97,
1028 4363 1069 4400 or.

243 4416 254 4448 ⁷
270 4416 316 4466 ii.:
333 4414 374 4477 87,
387 4415 427 4465 88.
874 4414 886 4447 ⁸
901 4416 933 4466 de
944 4415 1089 4468 communi:
1105 4418 1162 4466 add.
1176 4428 1217 4479 97,
1230 4430 1270 4467 01.
