3326 5208
283 452 332 515 236
601 452 876 503 DIRECTORIUM
903 453 1170 506 memorem.

326 610 360 681 (Ι
384 604 543 678 sabbato,
559 605 602 669 de
618 606 765 683 octauis;
789 616 823 668 et
838 606 999 670 memoria
1014 607 1057 671 de
1071 607 1215 682 sanctis,¹
1238 619 1271 672 et
1287 609 1330 671 de
1357 610 1494 672 octauis.

283 691 340 755 Ad
350 696 518 774 vesperas²
533 692 576 755 de
592 694 727 767 octauis,
739 695 900 757 memoria
914 694 958 757 de
967 704 1085 757 sancto
1095 694 1271 767 Eduardo,
1283 707 1317 758 et
1334 697 1495 758 memoria

283 781 325 841 de
341 780 525 843 dominica:
547 780 732 862 antiphona
755 831 762 844 .
785 780 929 862 Loquere
951 781 1111 844 Domine:
1134 783 1295 845 memoria
1318 784 1361 846 de
1384 782 1492 845 Trini-

283 876 363 940 tate,
388 876 421 928 et
448 868 615 948 processio
640 865 705 930 fiat.
771 867 828 930 Ad
863 870 1059 931 memoriam
1091 869 1134 932 de
1159 870 1299 932 octauis³
1333 871 1364 931 in
1400 868 1493 932 sestis

282 964 491 1016 sanctorum:
538 953 595 1016 Ad
634 975 797 1037 vesperas,
834 956 1015 1019 versiculus
1052 956 1179 1019 Panem
1216 955 1256 1018 cie
1291 957 1354 1019 celo
1370 980 1381 1019 .·
1421 957 1494 1021 Ae*

282 1042 473 1118 matutinas,
486 1040 606 1103 Posuit
611 1040 707 1122 fines.

324 1158 360 1251 (Ι
381 1150 540 1234 Quotidie
557 1174 615 1236 per
630 1156 790 1231 octauas,⁸
812 1163 846 1217 et
861 1154 893 1215 in
918 1164 1045 1231 octaua,
1063 1153 1192 1218 dicatur
1214 1155 1389 1237 sequentia
1411 1154 1494 1217 Ecce

276 1250 381 1320 pann.

457 1357 491 1428 (Ι
517 1353 695 1416 Dominica
710 1354 737 1416 .i.
754 1362 831 1434 post
848 1352 967 1416 festum
987 1354 1109 1418 Sancte
1125 1353 1311 1427 Trinitatis,
1324 1364 1431 1417 totum
1448 1355 1492 1417 de

458 1440 585 1502 octauis
602 1438 759 1522 Corporis
776 1439 918 1504 Christi:
941 1452 975 1504 et
991 1443 1152 1503 memoria
1168 1452 1299 1505 tantum
1316 1443 1359 1505 de
1374 1451 1492 1504 sancto

283 1524 457 1590 Eduardo
526 1528 662 1589 Nonum
703 1528 962 1609 Responsorium
1000 1548 1021 1590 a
1058 1528 1188 1591 duobus
1227 1536 1387 1592 cantetur.
1450 1529 1490 1590 ln

281 1611 444 1689 laudibus,
466 1634 532 1676 vna
556 1614 750 1696 antiphona,
775 1625 810 1676 et
834 1625 901 1678 tres
921 1615 1101 1678 memorie.³
1147 1615 1203 1678 Ad
1230 1616 1380 1697 primam,
1406 1618 1492 1677 anti-

280 1698 400 1781 phona.
452 1700 483 1763 Τ
478 1721 495 1762 e
510 1701 587 1764 iure.

323 1817 358 1887 (Ι
381 1812 476 1875 Feria
492 1814 531 1876 .ii.
548 1814 590 1875 de
605 1814 754 1877 octauis.³
799 1813 1024 1895 Responsoria
1040 1814 1082 1876 de
1098 1814 1205 1897 primo
1222 1824 1391 1878 nocturno,

324 1929 358 2000 (Ι
382 1925 409 1986 F
410 1926 478 1988 eria
493 1926 545 1989 iii.
561 1928 604 1988 de
620 1935 736 1989 sancto
752 1926 897 2002 Albano,
915 1926 960 1989 ix.
978 1926 1143 1990 lectiones.
1191 1926 1316 1990 illedicl
1332 1926 1492 1989 lectiones

280 2015 321 2074 de
336 2013 485 2087 octauis,³
500 2033 576 2076 curn
592 2013 760 2075 versiculis
776 2023 810 2076 et
827 2014 1059 2096 Responsoriis
1075 2014 1118 2076 de
1134 2014 1282 2076 secundo
1298 2027 1468 2077 nocturno.

323 2129 357 2200 (Ι
382 2124 477 2187 Feria
492 2126 553 2189 iiii.
575 2126 618 2187 de
640 2126 775 2188 octauis.
822 2126 1047 2208 Responsoria
1070 2126 1112 2189 de
1135 2126 1238 2189 tercio
1261 2135 1433 2201 nocturno,
1456 2139 1491 2189 et

282 2212 441 2274 memoria
474 2223 604 2275 tuntum
639 2213 681 2275 de
715 2222 829 2276 sancta
869 2212 1081 2276 Etheldreda.
1148 2213 1253 2275 Missa
1285 2213 1329 2276 de
1365 2214 1492 2295 vigilia‘

280 2309 432 2361 cantetur
447 2300 628 2361 solenniter
644 2311 720 2381 post
737 2300 872 2362 missam
889 2301 931 2362 de
947 2301 1009 2363 die.

322 2415 357 2485 (Ι
380 2411 477 2473 Feria
503 2432 539 2474 .v.
567 2412 610 2473 de
634 2421 750 2474 sancto
779 2411 935 2484 Iohanne,
964 2413 1073 2475 minus
1098 2411 1243 2494 duplex:
1277 2422 1312 2474 et
1345 2411 1492 2474 solennis

283 2498 441 2560 memoria
469 2497 511 2560 de
548 2500 682 2561 octaua³
706 2500 748 2562 ad
785 2509 941 2580 utrasque
974 2518 1138 2580 vesperas,
1164 2499 1354 2571 matutinas,
1382 2510 1415 2561 et
1446 2501 1490 2561 ad

282 2584 425 2648 missam.
483 2584 539 2647 Ad
567 2586 729 2655 secundas
755 2606 919 2668 vesperas,
953 2586 1150 2668 ⁸antiph0na
1173 2636 1180 2649 .
1205 2584 1276 2648 Sub
1311 2596 1424 2648 tuam:
1458 2600 1492 2649 ct

281 2671 465 2753 antiphona
487 2722 494 2735 .
521 2672 692 2736 Osacrum
709 2672 906 2737 solenniter:
930 2673 1110 2736 versiculus
1124 2673 1253 2734 Panem
1272 2673 1311 2735 de
1322 2673 1405 2735 celu⁸

322 2789 357 2859 (Ι
381 2785 477 2846 Feria
493 2785 550 2860 .vi.,
567 2785 609 2846 de
636 2794 751 2847 sancta
778 2786 894 2859 Maria,
920 2796 954 2849 et
979 2786 1139 2847 memoria
1164 2785 1206 2848 de
1231 2786 1373 2848 octauis⁷
1383 2786 1489 2848 sancti

282 2871 448 2934 Iohannis.
494 2871 539 2934 Et
555 2872 682 2935 dicatur
698 2872 846 2955 psalmus
869 2923 876 2935 .
899 2873 962 2934 Ad
980 2883 1010 2934 te
1023 2872 1141 2935 leuaui.

321 2987 355 3058 (Ι
380 2981 537 3053 sabbato,
555 2985 597 3046 de
613 2985 813 3066 martyribus
832 2984 982 3047 Iohanne
997 2994 1030 3047 et
1047 2984 1160 3055 Paulo,
1180 2985 1411 3047 Inuitatorium
1428 2986 1491 3046 du-

279 3070 369 3152 plex,
384 3081 450 3132 tres
474 3069 632 3133 lectiones
655 3074 744 3134 cuml
760 3073 920 3134 memoria
935 3073 977 3133 de
993 3072 1134 3134 octauis³
1149 3072 1209 3134 et¹⁰
1229 3091 1304 3134 cum
1322 3073 1491 3135 memoriis

278 3157 452 3220 consuetis.

322 3276 355 3346 (Ι
379 3270 434 3334 Ad
446 3290 609 3351 vesperas,
621 3272 780 3333 memoria
793 3271 834 3332 de
847 3271 997 3346 octaui5,·'
1012 3271 1056 3334 de
1071 3269 1246 3348 Trinitate,
1261 3281 1294 3334 et
1322 3273 1491 3353 processio

280 3355 338 3421 fiat
356 3360 458 3420 llante
473 3360 637 3421 crucem}l

455 3469 692 3545 (IDominica
737 3471 802 3533 .ii.¹²
850 3470 892 3532 de
923 3469 1063 3532 seruicio
1108 3469 1307 3533 dominicali.
1377 3469 1490 3532 Medic

277 3520 350 3588 June
364 3515 419 3589 ²⁷¹]
457 3555 614 3619 lectiones
640 3557 682 3620 de
708 3557 858 3633 οεῐεωίε,7
883 3577 958 3619 cum
984 3557 1211 3639 Responsorio
1230 3556 1434 3637 Priusquam
1451 3568 1489 3621 te.

281 3642 320 3704 In
337 3642 490 3705 laudibus
506 3663 571 3705 vna
587 3644 779 3726 antiphona.

321 3760 355 3830 (Ι
380 3755 476 3817 Feria
491 3757 530 3819 ii.
547 3758 589 3818 de
605 3768 721 3818 sancto
739 3757 862 3829 Leone,
879 3776 954 3818 cum
971 3766 1142 3819 nocturno,
1190 3755 1294 3818 Missa
1310 3755 1353 3818 de
1375 3756 1489 3837 vigilia

279 3843 542 3923 apostolorum.¹³

280 1403 354 1471 June
367 1399 423 1472 20·]

313 4062 320 4094 ¹
339 4063 385 4113 SS.
399 4062 520 4113 Geruasio
532 4072 557 4112 et
569 4063 706 4112 Prothasio.
938 4061 949 4092 '¹
966 4061 1104 4112 memoria:
1121 4063 1178 4111 add.
1192 4061 1232 4111 88.

311 4130 321 4158 ³
338 4130 456 4194 Corporis
466 4129 567 4178 Christi.
936 4126 946 4158 ⁴
963 4139 988 4177 et
999 4128 1076 4192 before
1087 4127 1138 4177 ad:
1156 4128 1197 4188 87,
1210 4126 1250 4176 88.

311 4194 321 4221 ¹⁵
338 4196 362 4243 li.
377 4212 396 4243 r.
411 4210 501 4243 memo.
516 4194 547 4243 de
560 4194 585 4243 S.
602 4194 737 4253 Eduardo,
750 4193 781 4242 de
794 4193 937 4251 Dominica,
950 4194 1018 4242 etde
1031 4193 1162 4242 Trinitate.

311 4260 321 4287 ⁰
338 4271 362 4309 et
373 4260 450 4317 desim
462 4260 552 4320 medie,
564 4262 605 4319 87,
624 4259 663 4308 88.
938 4257 948 4289 ⁷
966 4259 1024 4307 Nat.
1040 4258 1066 4308 S.
1082 4259 1102 4308 1.
1118 4259 1190 4322 Bapt.

311 4324 365 4361 Η
381 4326 462 4390 primo
474 4325 515 4374 liet
528 4324 647 4374 memoria
659 4325 691 4372 de
707 4325 804 4373 octauis
821 4323 922 4383 (deinde
939 4325 971 4373 de
982 4332 1069 4373 sancta
1081 4324 1172 4381 Maria,
1190 4322 1330 4388 antiphona
1342 4322 1394 4371 Sub
1404 4324 1489 4381 tuam)

279 4391 414 4440 versiculus
425 4392 520 4438 Panem
532 4392 560 4438 dc
571 4391 636 4439 celo:
654 4402 695 4451 97,
708 4402 748 4438 01.
934 4388 945 4418 ⁹
960 4406 1034 4439 cuni:
1051 4406 1098 4437 om.
1113 4388 1153 4449 87,
1167 4388 1207 4438 88.

312 4453 333 4485 ¹⁰
349 4468 390 4505 et:
408 4472 454 4504 one.
469 4456 511 4516 87,
524 4455 563 4504 88.
933 4453 1004 4491 ¹¹·-¹¹
1022 4471 1069 4503 om.
1084 4455 1126 4515 87,
1139 4453 1179 4503 88.

311 4517 332 4550 ¹²
349 4532 405 4586 post
417 4520 506 4571 festum
518 4519 656 4570 Trinitatis.
936 4518 957 4550 ¹³
973 4520 1019 4574 SS
1035 4520 1062 4568 P.
1076 4529 1101 4569 er
1114 4522 1142 4569 P.
