3330 5218
296 412 329 462 82
634 413 757 462 DIREC
759 412 784 461 T
783 412 909 463 ORIUM
927 413 971 462 SA
976 412 1131 463 CERDOT
1131 414 1194 465 ΗΜ.

295 572 396 626 March
410 566 465 640 ad]
502 571 535 640 (Ι
559 565 737 628 Dominica
753 565 815 629 iiii.
831 565 1087 647 quadragesime
1103 575 1176 630 tota
1191 566 1313 630 dicitur
1321 566 1470 631 historia

471 813 506 884 (Ι
530 806 708 869 Dominica
724 806 757 868 in
782 805 938 868 Passione
963 807 1101 869 Domini
1122 817 1194 872 tota
1217 809 1337 872 dicitur
1352 808 1501 872 historia²

294 858 377 930 ‘¹¹³‘ss
391 855 428 928 ²'¹
473 903 507 958 et
523 893 603 956 nihil
619 891 661 955 de
677 901 793 955 sancto
810 893 963 956 Ricard0.

338 1019 372 1088 (Ι
397 1013 493 1075 Feria
518 1012 571 1077 ,iii
596 1013 637 1075 de
662 1021 778 1075 sancto
802 1012 992 1076 Ambrosio.
1051 1013 1191 1078 lnserius
1218 1014 1353 1097 duplex.
1414 1014 1501 1099 Cap·

295 1099 414 1164 itulum
431 1099 510 1162 Ecce
523 1099 675 1163 sacerdos.
720 1097 926 1181 Capitulum⁴
941 1100 1220 1166 Benedt'cttimem.³

317 1225 388 1344 ,(Ιο
397 1221 533 1284 Festum
564 1219 669 1283 sancti
696 1218 830 1282 Ricardi
855 1218 1026 1284 differatur
1051 1241 1155 1304 vsque
1179 1222 1223 1286 ad
1249 1222 1499 1286 translationem

295 1327 374 1371 eius

339 1434 387 1577 (Ι1
397 1426 493 1578 {etia
507 1449 544 1491 .v.
560 1426 680 1490 dicitur
694 1436 852 1490 octauum
869 1428 1114 1510 responsorium
1131 1428 1267 1492 historie
1278 1450 1354 1492 cum
1371 1429 1501 1493 duobus

296 1515 399 1578 feriai
425 1535 472 1578 us.

295 1642 377 1713 April
388 1638 427 1711 9.]
462 1641 496 1711 (Ι
519 1633 699 1698 Dominica
721 1634 754 1696 in
771 1633 871 1697 ramis
888 1634 1088 1713 Palmarum‚
1104 1643 1176 1699 tota
1190 1645 1342 1700 cantetur
1356 1636 1500 1698 historia.

339 1766 374 1837 (Ι
397 1758 493 1824 Feria
507 1755 559 1819 iii.
576 1755 731 1818 dicuntur
741 1753 895 1836 Exequie
912 1755 1215 1834 Mortuorum,cum
1228 1776 1348 1820 nouem
1366 1756 1501 1820 lection-

297 1848 380 1924 ibus,
407 1855 441 1910 et
472 1843 573 1906 missa
603 1843 636 1904 in
667 1842 820 1904 crastino,
866 1840 1033 1924 Deinceps
1064 1863 1130 1905 non
1161 1843 1317 1906 dicuntur
1347 1844 1501 1926 Exequie

300 1935 507 1997 Mortuorum
531 1928 725 2011 quotidiane
749 1929 781 1990 in
805 1938 973 1992 conuentu
995 1949 1100 2012 vsque
1126 1929 1363 1994 incrastinum
1387 1940 1502 1993 sancte

297 2021 470 2095 Trinitatis
498 2017 560 2080 nisi
587 2034 706 2096 corpus
729 2035 864 2097 presens
895 2014 1000 2091 suerit,
1027 2016 1078 2079 vel
1106 2018 1178 2081 dies
1208 2018 1420 2080 anniuersarii
1448 2017 1499 2081 vel

295 2107 486 2190 trigintalis¹
501 2102 669 2168 euenerit⁸

392 2274 444 2347 u
473 2221 1500 2392 atulamuultu{claudetne”snt

293 2421 399 2482 usque
424 2399 480 2461 ad¹
494 2396 641 2479 vigiliam
660 2396 874 2460 Ascensionis
891 2396 1070 2472 exclusiue,
1099 2397 1155 2460 Ad
1178 2419 1333 2481 vesperas
1350 2401 1409 2461 et¹⁰
1431 2397 1498 2461 ad¹¹

297 2486 477 2550 matutinas
493 2495 527 2548 et
542 2484 585 2548 ad
603 2483 738 2545 missam
756 2481 814 2545 fiat
836 2483 982 2546 solennis
1006 2485 1166 2547 memoria
1188 2485 1231 2549 de
1254 2487 1498 2559 resurrectione,

295 2575 338 2637 de
354 2592 553 2656 quocunque
568 2569 605 2633 fit
621 2570 804 2646 seruicium,
822 2570 883 2632 nisi
900 2571 932 2633 in
952 2571 1148 2634 Inuentione
1165 2570 1288 2635 Sancte
1305 2571 1426 2636 Crucis.

338 2692 441 2768 (lEt
467 2692 501 2753 in
531 2687 678 2752 sabbatis
708 2685 751 2748 ad
783 2707 947 2770 vesperas,
979 2688 1237 2752 Benedictiones
1268 2688 1398 2752 feriales
1431 2709 1496 2752 non

294 2781 450 2843 dicuntur
465 2797 569 2860 vsque
584 2783 661 2858 post
676 2772 767 2835 Deus
780 2775 934 2837 omnium.

338 2906 372 2976 (Ι
395 2897 581 2961 Dominicis
607 2895 733 2960 etiam¹²
760 2894 878 2959 diebus
904 2914 1008 2976 vsque
1029 2895 1072 2959 ad
1095 2895 1243 2959 festum¹⁸
1264 2896 1499 2960 Penthecostcs

295 2987 387 3050 nulla
424 2984 482 3048 fiat
521 2984 681 3047 memoria
711 2984 753 3046 de
783 2981 950 3046 dominica
987 2982 1020 3044 in
1050 3002 1181 3045 summa
1218 2984 1327 3058 missa,
1358 2985 1429 3048 siue
1458 2986 1500 3048 de

296 3073 540 3147 resurrectione,
557 3071 626 3133 siue
643 3071 769 3133 etiam¹¹
785 3069 826 3131 de
841 3068 954 3151 aliquo
970 3068 1055 3132 sesto
1071 3068 1130 3132 fiat
1146 3069 1254 3133 missa.

473 3197 507 3267 (Ι
530 3190 708 3255 Dominica
738 3191 764 3253 .i.
789 3190 821 3252 in
845 3189 939 3266 albis,
969 3190 1070 3272 post¹⁵
1098 3191 1210 3263 Pasce,
1237 3190 1358 3255 festum
1391 3193 1500 3256 minus

474 3277 610 3361 duplex,
623 3287 731 3340 totum
748 3278 790 3340 de
806 3275 982 3352 dominica,
995 3286 1029 3340 et
1040 3278 1200 3340 memoria
1209 3279 1251 3342 de
1264 3280 1500 3343 resurrectione

297 3386 373 3430 cum
406 3366 515 3429 missa.
576 3362 756 3429 Secunde¹⁶
785 3383 922 3445 vespere
951 3373 1047 3427 erunt
1077 3365 1120 3426 de
1150 3375 1266 3428 sancto
1290 3365 1444 3450 Georgi0,
1466 3375 1500 3429 et

297 3449 468 3517 solennis¹⁷
485 3453 644 3515 memoria
660 3451 702 3514 de
717 3451 893 3526 dominica,
909 3459 943 3513 et
959 3451 1001 3513 de
1018 3453 1262 3515 resurrectione.

296 3243 377 3314 April
390 3240 445 3313 23.]

340 3580 375 3651 (Ι
398 3574 426 3637 F
427 3573 494 3636 ecia
508 3573 548 3635 .ii.
564 3573 606 3634 de
621 3580 738 3634 sancto
754 3570 906 3653 Georgi0,
923 3569 1042 3634 festum
1060 3571 1170 3634 minus
1192 3573 1326 3654 duplex.

339 3700 375 3771 (Ι
398 3692 494 3756 Feria
509 3692 558 3756 iii.
575 3691 617 3754 de
632 3701 750 3754 sancto
767 3691 890 3754 Marco.
939 3690 1079 3755 Inferius
1094 3692 1230 3775 duplex.

331 4003 341 4035 ¹
358 4003 492 4057 deforet:
509 4016 548 4054 01.
1014 4001 1068 4039 ‘²-³
1083 4020 1130 4053 om.
1144 4002 1185 4065 87,
1198 4002 1237 4053 88.

333 4069 343 4099 ⁴
359 4072 385 4118 in
397 4068 527 4119 laudibus:
544 4069 600 4117 add.
615 4066 656 4128 87,
669 4065 708 4116 88,
1014 4066 1025 4097 ¹
1041 4068 1072 4118 ad
1085 4069 1186 4120 laudest
1203 4070 1259 4118 adei.
1273 4081 1315 4131 97,
1327 4082 1367 4120 οι,

333 4132 501 4183 ⁸Tmnslatio
512 4133 538 4184 S.
554 4132 664 4192 Ricardi,
680 4132 776 4196 16Jun.
1017 4133 1028 4166 ¹
1045 4134 1191 4185 Trinitatis:
1209 4135 1250 4196 87,
1263 4133 1302 4184 88

331 4198 344 4230 ⁸
360 4201 407 4250 See
418 4215 434 4247 a
445 4200 497 4248 rule
509 4199 535 4248 in
546 4198 646 4260 Defens.
660 4199 755 4247 Dirat.
769 4213 791 4247 c.
808 4209 846 4260 17,
859 4213 883 4262 p.
898 4211 921 4260 9.
1016 4197 1027 4229 ⁰
1043 4199 1092 4249 ad:
1109 4216 1156 4249 om.
1170 4213 1210 4249 οι.

333 4263 354 4295 ¹⁰
370 4275 412 4314 et:
429 4281 475 4313 ona.
490 4263 530 4325 87.
1009 4262 1028 4294 ¹¹
1045 4263 1094 4314 ad:
1112 4281 1158 4314 om.
1177 4263 1216 4314 88.

334 4328 355 4359 ¹²
371 4329 462 4380 etiam:
479 4345 526 4378 orn.
540 4328 581 4389 87,
594 4327 634 4377 88.
1010 4327 1030 4358 ¹³
1047 4329 1152 4380 festum:
1169 4346 1216 4379 om.
1231 4328 1271 4390 87,
1284 4329 1323 4379 88.

333 4393 355 4425 ¹⁴
371 4394 462 4444 etiam:
479 4411 526 4443 om.
540 4393 581 4455 87,
594 4392 633 4442 88.
1010 4392 1030 4423 ¹¹
1046 4394 1126 4458 prima
1137 4395 1215 4459 before
1226 4406 1300 4460 posta
1318 4394 1359 4456 87,
1371 4394 1410 4444 88.

332 4458 354 4490 ¹⁰
370 4459 494 4510 secunde:
511 4475 557 4508 oete.
572 4459 612 4519 87,
625 4457 665 4508 88.
1012 4457 1031 4490 ¹¹
1047 4460 1171 4511 solennis:
1188 4477 1234 4510 om.
1249 4460 1290 4521 87,
1307 4460 1345 4510 88.
