3316 5220
252 425 301 475 280
577 427 673 477 DIRE
677 428 698 476 C
701 429 727 478 Τ
724 429 850 478 ORIUM
880 429 1145 479 SACERDOTUM.

293 585 328 655 ll
352 581 448 644 Feria
463 581 512 658 .ii.,
527 592 562 646 et
576 581 693 645 ceteris
709 581 797 644 seriis
813 602 873 664 per
886 580 1143 656 hebdomadam,
1160 583 1203 645 de
1218 582 1347 645 ieiunio.

252 816 324 870 Mar.
338 814 392 886 aa]
424 812 458 882 (l
482 806 661 870 Dominica
676 806 708 868 in
727 806 827 869 ramis
845 806 1043 883 Palmarum,
1059 814 1168 870 totum
1185 807 1227 869 de
1243 807 1422 869 dominica.

294 927 327 997 (l
351 920 448 983 Feria
462 919 503 982 ,it
519 918 673 981 dicantur
690 917 845 1000 Exequie
870 918 1079 981 Mortuorum
1096 939 1172 981 cum
1190 919 1234 982 ix.
1252 918 1463 993 lectionibus,

251 1018 284 1071 et
300 1006 401 1070 missa
416 1006 449 1069 in
465 1006 618 1069 crastino,
664 1005 833 1087 Deinceps
848 1005 1042 1087 quotidiane
1058 1007 1200 1087 exequie
1216 1026 1282 1069 non
1304 1006 1464 1069 dicantur

250 1095 283 1157 in
300 1103 476 1170 conuentu,
491 1113 595 1175 vsque
610 1102 688 1174 post
703 1091 911 1157 Trinitatem.

292 1212 326 1282 (l
350 1207 446 1269 Feria
475 1205 538 1268 iiii.
571 1203 691 1267 festum
738 1204 1019 1268 Annunciationis
1057 1205 1155 1268 beate
1193 1204 1310 1280 Marie,
1347 1205 1460 1266 minus

250 1294 385 1375 duplex.
432 1292 586 1356 Secunde
608 1311 745 1373 vespere
767 1302 866 1354 erunt
892 1292 934 1353 de
961 1291 1054 1356 Cena
1082 1292 1229 1367 Domini,
1252 1301 1285 1354 et
1312 1291 1460 1354 solennis

251 1380 412 1443 memoria
428 1381 470 1443 de
486 1379 592 1442 festo.¹
639 1378 685 1440 Et
700 1388 780 1442 tunc
796 1398 934 1459 vespere
949 1390 982 1442 et
999 1379 1251 1462 completorium
1275 1380 1319 1441 de
1342 1388 1461 1441 sancta

252 1467 359 1530 Maria
375 1467 529 1530 dicantur
544 1473 641 1529 extra
661 1465 809 1541 chorum,
832 1466 917 1529 sicut
940 1466 972 1528 in
997 1466 1068 1528 aliis
1092 1466 1181 1529 feriis
1203 1466 1460 1547 quadragesime

250 1555 314 1617 dici
331 1553 461 1616 solent.²
507 1553 553 1616 Et
569 1553 600 1615 in
618 1553 736 1616 ceteris
752 1551 841 1614 feriis
856 1573 915 1634 per
931 1552 1189 1630 hebdomadam,
1205 1553 1247 1615 de
1264 1553 1394 1615 ieiunio.

425 1672 460 1742 {i
483 1666 548 1729 Die
562 1665 673 1740 Pasce,
686 1675 720 1728 et
736 1685 795 1746 per
809 1663 1069 1742 hebdomadam,
1084 1666 1139 1728 ³de
1155 1665 1356 1729 solennitate
1373 1666 1459 1729 sesti,

427 1752 534 1816 Nihil³
549 1753 592 1814 de
604 1761 721 1815 sancto
738 1752 891 1815 Ricardo.

291 1871 325 1942 (Ι
349 1865 486 1928 Festum
503 1865 609 1927 sancti
627 1863 797 1926 Ambrosii
813 1863 984 1927 differatur
999 1885 1103 1947 vsque
1120 1865 1165 1927 iri⁴
1181 1865 1318 1928 terciam
1341 1864 1458 1927 seriam

250 1953 297 2036 [m
314 1951 389 2034 .vil.]
406 1962 483 2034 post
498 1961 635 2014 octauas
652 1951 775 2013 Pasce.⁵

291 2070 325 2140 (I
349 2065 402 2128 De
418 2083 618 2146 quocunque
634 2061 719 2126 festo
736 2061 794 2125 fiat
810 2064 996 2135 seruicium,
1012 2063 1189 2127 dominicis
1212 2063 1339 2140 diebus,
1353 2084 1461 2145 vsque

249 2154 291 2216 ad
330 2152 572 2215 Ascensionem
606 2149 752 2225 Domini,
784 2170 915 2232 semper
951 2151 1009 2214 fiat
1046 2151 1193 2214 solennis
1224 2152 1385 2213 memoria
1414 2150 1460 2214 de

249 2240 427 2313 dominica,
442 2238 485 2300 ad
501 2247 657 2318 vtrasque
673 2256 829 2318 vesperas
852 2237 899 2300 etl
922 2238 1111 2313 matutinas,
1136 2238 1194 2300 sed
1217 2258 1389 2321 nunquam
1413 2237 1458 2300 ad

250 2345 395 2389 missam.

292 2444 326 2514 (l
350 2435 516 2501 Omnibus
541 2433 633 2498 festis
657 2455 733 2497 cum
758 2436 919 2518 regimine
941 2436 1041 2511 chori,
1072 2439 1190 2519 vsque⁷
1213 2436 1459 2500 Ascensionem

251 2524 399 2597 Domini,
423 2524 465 2586 ad
490 2533 647 2604 vtrasque
677 2542 842 2605 vesperas,
866 2524 1070 2595 matutinas,⁸
1096 2541 1130 2587 et
1156 2525 1199 2587 ad
1228 2526 1373 2601 missam,
1401 2524 1460 2587 liat

251 2611 396 2675 solennis
413 2609 574 2674 memoria
595 2611 637 2673 de
660 2611 919 2674 resurrectione:
952 2610 1025 2672 Nisi
1049 2612 1081 2674 in
1109 2611 1307 2676 inuentione
1335 2611 1461 2677 Sancte

251 1721 324 1774 Mar.
338 1714 393 1787 29.]

251 2698 375 2770 Crucis,
391 2707 425 2761 et
449 2698 481 2760 in
505 2695 654 2760 sabbatis
677 2697 719 2760 ad
743 2718 906 2779 vesperas.
954 2698 1210 2762 Benedictiones
1233 2699 1362 2762 feriales
1390 2719 1458 2761 non

251 2786 417 2849 dicantur⁹
431 2804 536 2865 vsque
551 2793 628 2867 post
646 2783 735 2846 Deus
749 2785 903 2847 omnium.

251 2950 319 3018 te·
336 2944 371 3017 ⁵³
426 2902 471 3045 h
484 2895 841 3046 Rhsslltllllltl
855 2898 1461 3049 l‘llilll{thallssllllili

252 3071 351 3169 tione.
381 3068 476 3238 ’Nop
504 3070 636 3133 dicatur
655 3069 757 3145 Deus,
779 3071 840 3151 qui
858 3069 1015 3132 hodierna
1041 3071 1095 3133 die
1116 3072 1189 3152 (sed
1213 3071 1312 3147 Deus,
1327 3073 1387 3153 qui
1399 3084 1465 3154 per

254 3166 455 3239 onzgemtum
471 3205 478 3220 .

290 3268 448 3420 l(lFeria
463 3268 529 3331 .ii.¹⁰
544 3269 587 3332 de
604 3267 692 3333 seria.
732 3269 1161 3352 Responsoriabzgrnuses.
1201 3271 1462 3336 Missadomini·

249 3376 339 3420 cars

294 3474 327 3544 (l
352 3467 448 3530 Feria
463 3468 514 3530 iii.
530 3469 573 3532 de
588 3477 704 3530 sancto
720 3466 911 3539 Ambrosio,
927 3467 1068 3532 lnlerius
1084 3468 1221 3550 duplex.
1266 3468 1460 3550 Capitulum

251 3555 511 3707 ἕζιεῃεὲιεενιίος.
572 3555 749 3618 Lectiones
787 3555 940 3636 legantur
978 3557 1020 3618 de
1060 3557 1272 3639 proprietate,
1311 3577 1376 3620 non
1416 3561 1460 3622 de

294 3754 525 3829 llFeriaiiii.
542 3756 584 3817 de
600 3753 689 3816 seria.
737 3754 965 3836 Responsoria
988 3754 1128 3817 Locutus
1149 3765 1203 3818 est.
1250 3756 1403 3837 Epistola
1428 3769 1464 3823 et

252 3841 462 3923 euangelium
480 3842 629 3905 eiusdem
646 3840 732 3904 serie.

294 3959 328 4030 (Ι
352 3954 449 4016 Feria
464 3975 500 4017 .v.
516 3953 559 4017 de
576 3953 660 4017 sesto
677 3952 747 4015 loci.

285 4162 639 4280 ἒ-ᾒίὶῗεῗιῗιῑτιιαἓὶιὲῃεκῗίεηιιίῑιιῑε
652 4230 708 4280 sesti
720 4240 743 4281 et
756 4230 849 4281 nichil:
867 4163 908 4291 87²,
919 4165 961 4280 88
976 4167 1051 4215 Crede
1062 4167 1101 4215 Μ’
1115 4168 1128 4225 8
1141 4177 1180 4227 77⁹
1194 4182 1236 4231 PP·
1250 4179 1291 4228 49,
1306 4176 1344 4230 50.

284 4293 295 4324 ⁴
311 4295 361 4345 ad:
380 4294 421 4355 87,
434 4294 473 4344 88.
891 4294 901 4324 ⁰
917 4296 990 4361 April
1002 4296 1043 4345 vii.

284 4357 295 4388 ⁰
311 4372 335 4410 et
346 4360 397 4411 ad:
415 4360 456 4421 87,
469 4359 508 4410 88.
890 4359 901 4392 ⁷
917 4377 993 4426 vsque
1004 4361 1053 4411 adt
1071 4360 1111 4421 87,
1125 4360 1166 4421 88,
1178 4375 1219 4412 01.

284 4422 295 4454 ⁸
311 4436 335 4475 et
347 4426 498 4476 matutinas:
515 4438 555 4475 01.
892 4424 903 4456 ⁰
919 4426 1052 4477 dicentur:
1070 4426 1109 4476 88.

284 4488 304 4520 ¹⁰
321 4490 366 4540 it:
383 4508 430 4540 om.
449 4489 488 4552 87.
