3330 5218
303 427 339 492 48
631 425 908 478 DIRECTORIUM
925 426 1191 478 SACERDOTUM.

348 588 386 659 (Ι
408 581 503 647 Feria
514 581 553 646 .ii.
565 581 609 645 de
621 578 834 661 martyribus¹
850 578 1085 643 lnuitatorium
1098 579 1226 663 duplex
1237 606 1248 643 .·
1256 590 1324 645 tres
1334 581 1493 646 lectiones
1506 608 1514 647 :

306 670 443 734 tercium
480 667 742 751 Responsorium
773 666 845 729 Hec
871 675 921 729 est
954 687 1033 729 vera
1060 667 1277 746 fraternr'tas'
1292 718 1300 731 .
1315 668 1510 752 Capitulum

307 756 433 820 Reddet
442 756 542 832 Deus,
552 754 712 817 memoria
722 754 764 816 de
777 752 923 836 reliquiis
939 802 946 816 .
963 753 1148 835 antiphona
1161 752 1299 836 Corpora
1307 765 1510 819 sanctorum:

306 842 486 907 versiculus
521 841 622 905 Beati
646 840 707 922 qui
732 839 890 904 haberant.
937 838 1056 905 Oratio
1078 840 1199 904 Presta
1224 861 1403 922 quesumus.
1464 844 1511 908 Et

306 931 428 995 dicitur
464 929 561 992 sicut³
593 927 806 1011 quotidianas
844 928 1025 989 matutinas
1055 927 1153 991 beate
1183 928 1291 992 Marie
1320 929 1406 993 solet
1434 930 1509 994 dici.

305 1018 472 1081 ¹Predicta
487 1016 680 1098 antiphona,
695 1034 772 1077 curn
787 1013 949 1076 versiculo
971 1023 1005 1076 et
1021 1015 1179 1090 oratione,
1195 1035 1254 1098 per
1269 1025 1358 1080 totas
1372 1027 1511 1082 octauas

305 1104 434 1169 dicitur.
474 1102 642 1169 Secunde⁶
652 1119 790 1183 vespere
804 1110 902 1163 erunt
914 1101 956 1163 de
971 1110 1087 1165 sancto
1104 1100 1287 1165 Benedicto
1301 1126 1308 1165 :
1324 1104 1510 1187 antiphona

305 1191 449 1254 Amaur’t
473 1210 545 1253 eum
574 1186 770 1251 Dominae:
786 1187 905 1270 psalmi
933 1187 1071 1251 feriales
1102 1187 1295 1271 Capitulum
1320 1189 1434 1254 Iustus
1455 1213 1510 1255 ror

305 1299 410 1342 suum.
456 1275 721 1358 Responsorium
748 1273 810 1338 Vir
823 1274 970 1337 israelita
987 1298 994 1338 z
1012 1275 1172 1339 memoria
1186 1277 1230 1340 de
1245 1276 1400 1359 reliquiis.

346 1406 380 1475 (Ι
403 1399 499 1463 Feria
514 1398 566 1462 ‚iii
581 1397 624 1461 de
639 1404 757 1460 sancto
772 1394 965 1470 Benedicto,
982 1395 1028 1458 ix.
1044 1394 1212 1472 lectiones,
1228 1406 1263 1460 et
1279 1399 1440 1461 memoria
1463 1398 1506 1461 de

305 1487 459 1570 reliquiis.
505 1483 672 1550 Secunde¹
701 1502 838 1566 vespere
868 1492 965 1545 erunt
995 1483 1038 1546 de
1075 1481 1170 1560 sesto,
1200 1495 1235 1547 et
1266 1485 1427 1548 memoria
1464 1485 1508 1549 de

305 1573 460 1657 reliquiis

303 1780 431 1846 ferialia
446 1799 523 1843 curn
540 1779 640 1842 missa
655 1776 857 1849 dominicali,
873 1785 907 1839 et
923 1777 1084 1839 memoria
1099 1776 1142 1839 de
1157 1776 1311 1860 reliquiis.

348 1908 382 1977 (Ι
404 1899 502 1964 Feria
517 1921 554 1963 .v.
570 1899 613 1962 de
628 1897 715 1961 sesto
730 1896 803 1975 loci,
819 1905 852 1960 et
869 1896 1029 1960 memoria
1043 1896 1087 1961 de
1103 1897 1256 1980 reliquiis.

345 2029 381 2099 (Ι
405 2020 502 2085 Feria
516 2020 565 2084 .vi.
583 2021 626 2084 de
641 2027 758 2082 sancta
775 2017 892 2095 Maria,
907 2027 942 2080 et
958 2017 1118 2080 memoria
1133 2018 1176 2082 de
1191 2018 1346 2102 reliquiis.

346 2148 381 2219 (Ι
404 2140 564 2215 sabbato,
585 2140 629 2203 de
658 2147 774 2202 sancto
798 2136 974 2201 Swithinio
997 2136 1260 2220 ⁸s0ciommquet
1281 2140 1352 2204 eius
1376 2142 1505 2206 conses-

305 2249 428 2294 sorum.
438 2229 483 2291 ix.
493 2227 652 2291 lectiones
662 2227 705 2288 de
714 2224 893 2301 communi,
903 2223 1095 2307 Capitulum
1107 2224 1227 2288 Plures
1228 2226 1321 2305 facti
1326 2250 1332 2290 :
1346 2231 1507 2294 memoria

305 2318 347 2382 de
363 2315 516 2398 reliquiis.
556 2312 612 2377 Ad
624 2331 779 2395 vesperas
789 2312 833 2374 de
848 2319 965 2374 sancto
978 2310 1164 2389 Osmund0,
1176 2313 1219 2375 de
1228 2316 1398 2378 communi
1408 2317 1505 2381 unius

304 2402 502 2468 confessoris
518 2409 551 2464 et
567 2399 742 2483 pontificis,
764 2398 938 2462 memoria¹
960 2398 1003 2462 de
1025 2397 1277 2473 confessoribus,
1293 2402 1336 2463 de
1359 2402 1505 2486 reliquiis

305 2501 339 2556 et
354 2491 397 2554 de
412 2489 613 2563 Trinitate,¹⁰
628 2487 671 2550 de
687 2485 855 2549 dominica
878 2504 953 2548 cum
967 2484 1151 2567 antiphona
1166 2487 1298 2550 Montes
1323 2487 1434 2552 Gelboe
1449 2539 1455 2553 .
1472 2502 1506 2555 et

305 2576 472 2661 processio
487 2573 554 2638 fiat.
598 2573 666 2637 Vbi
682 2571 766 2636 fiunt
781 2581 847 2636 tres
862 2571 1205 2648 commemorationes
1222 2573 1255 2637 in
1272 2575 1335 2638 ,iiii
1350 2574 1431 2640 seria
1446 2576 1506 2642 fiat

306 2665 436 2749 prima¹¹
451 2687 458 2727 ε
471 2672 505 2726 et
521 2661 622 2724 missa
634 2658 843 2724 dominicalis
858 2658 892 2721 in
908 2659 964 2721 iii.
981 2658 1062 2722 feria
1077 2659 1109 2723 in
1126 2660 1272 2742 capitulo
1287 2662 1408 2731 dicitur
1423 2687 1431 2726 ε
1445 2667 1506 2729 et¹²

307 2750 533 2835 Responsoria
549 2747 675 2811 ferialia
689 2745 984 2830 pretermittantur.

480 2876 514 2945 (Ι
538 2868 716 2932 Dominica
731 2867 793 2930 ‚vii
804 2866 848 2929 de
862 2875 979 2929 sancto
996 2864 1183 2944 Osmund0,
1193 2868 1237 2931 ix.
1251 2868 1418 2948 lectiones,
1426 2891 1503 2934 cum

305 2923 369 2994 ¹⁰¹¹
385 2917 437 2991 ¹⁶¹
482 2955 518 3039 [b
549 2953 616 3037 iiii]
650 2955 810 3017 memoria
846 2954 889 3017 de
927 2952 1081 3035 reliquiis,
1111 2954 1153 3017 de
1190 2955 1367 3034 dominica,
1397 2968 1431 3021 et
1460 2958 1505 3021 de

305 3044 478 3108 Trinitate.
526 3042 581 3106 Ad
604 3041 768 3105 secundas
783 3060 946 3123 vesperas,
963 3041 1122 3103 memoria
1137 3042 1181 3104 de
1195 3052 1313 3105 sancto
1337 3043 1506 3108 Kenelmo

305 3141 459 3214 martyre.

347 3259 381 3328 (Ι
405 3250 501 3314 Feria
526 3249 565 3313 ii.
589 3250 632 3313 de
654 3257 771 3311 sancto
796 3243 997 3311 Kelenin0.¹³
1044 3247 1277 3312 lnuitatorium
1294 3249 1421 3333 duplex
1438 3301 1444 3314 .
1460 3253 1504 3316 iii.

304 3340 471 3403 lectiones.
516 3335 710 3418 Capitulum
725 3333 792 3398 Iste
809 3343 948 3397 sanetus.
995 3331 1174 3397 Secunde-¹⁴
1189 3355 1326 3418 vespere
1341 3348 1437 3401 erunt
1459 3340 1504 3403 de

305 3427 391 3490 sesto
406 3425 479 3496 loci,
496 3434 529 3488 et
545 3423 706 3486 memoria
721 3423 764 3486 de
779 3429 896 3484 sancto
913 3419 1090 3502 Arnulpho
1107 3432 1261 3503 martyre.

347 3551 380 3621 (Ι
404 3545 500 3609 Feria
526 3543 576 3606 iii.
601 3545 643 3606 de
668 3541 753 3605 sesto
778 3539 850 3615 loci,
876 3549 909 3602 et
935 3541 1097 3603 memoria
1120 3540 1163 3604 de
1186 3552 1302 3606 sancto
1326 3544 1505 3628 Arnulpho

305 3629 487 3714 martyre.¹¹

337 3801 345 3833 ¹
363 3809 459 3867 septem
470 3798 595 3850 fratribus.

335 3866 518 3917 ¹fraternitas:
534 3880 581 3913 em.
600 3862 641 3914 08.
679 3863 710 3912 R.
726 3862 777 3911 Her
793 3869 836 3921 est,
855 3863 930 3912 Brev.
944 3864 1002 3912 Sar.
1017 3863 1042 3913 ii.
1056 3876 1114 3925 402.
1161 3863 1224 3928 Cap.
1239 3866 1340 3925 Reddet,
1354 3867 1428 3917 Brev.
1444 3868 1503 3920 Sar.

303 3933 332 3985 ii.
347 3943 401 3996 395.
436 3932 496 3981 Ant.
515 3931 564 3979 Cer
606 3946 630 3988 a,
644 3928 659 3977 i.
675 3927 789 3992 p.x;ii.
803 3927 862 3989 406,
874 3928 992 3991 4393iii.
1007 3929 1063 3993 463.
1100 3929 1131 3978 V.
1147 3929 1222 3978 Beati
1232 3931 1286 3995 qui,
1300 3931 1316 3981 i.
1331 3947 1355 3996 p.
1369 3948 1392 3981 x.

334 3997 410 4047 'adr
427 3997 484 4045 add.
498 3994 539 4057 87,
552 3936 607 4045 88Μ

334 4061 387 4100 ⁴-¹
403 4078 449 4112 om.
464 4059 505 4122 87,
521 4058 561 4109 88.

334 4126 346 4160 ¹
362 4126 501 4178 Dominus:
518 4141 565 4174 our.
585 4124 627 4185 87,
645 4123 684 4173 88.
732 4123 793 4172 Ant.
812 4123 929 4183 Arrenii,
948 4123 1023 4173 Brev.
1043 4126 1100 4173 Sar.
1121 4124 1146 4174 ii.
1166 4124 1223 4187 428.
1270 4125 1306 4176 Ca
1326 4165 1332 4177 .
1353 4128 1439 4177 Iustus
1455 4145 1505 4191 cer,

302 4195 326 4246 ii.
341 4193 397 4256 428.
435 4193 467 4245 R.
488 4190 534 4240 Vir
543 4190 669 4248 Israelita,
682 4187 707 4238 ii.
722 4187 777 4249 428.
1062 4187 1221 4240 ⁷Secunde:
1237 4206 1284 4240 om.
1316 4203 1339 4252 7,
1353 4191 1392 4242 88.

335 4259 345 4290 ¹
361 4258 483 4322 sociisque
495 4276 501 4305 ι
519 4254 558 4304 88.
1064 4251 1075 4283 ¹
1091 4269 1148 4303 cum
1160 4255 1297 4307 memoria:
1315 4255 1355 4318 87,
1369 4258 1408 4308 88.

335 4322 356 4355 ¹¹
372 4332 397 4375 et
407 4323 440 4373 de
452 4321 575 4372 Trinitate
586 4338 592 4369 ε
604 4336 652 4369 om.
667 4316 708 4381 87,
722 4316 763 4369 88.
1057 4316 1076 4349 ¹¹
1094 4319 1138 4369 fiat
1148 4337 1214 4370 vna:
1233 4319 1273 4383 87,
1287 4320 1326 4372 88.

333 4387 674 4512 letis-erint.
1053 4381 1325 4513 lentulus.
