3326 5208
523 481 685 532 Paratur!
704 480 731 530 o.
766 482 821 529 xvi.
839 481 900 530 aaa:
919 496 946 530 x.
965 497 990 530 v.
1010 482 1039 531 aa
1343 489 1389 544 195

222 643 256 713 (Ι
280 635 439 712 Sabbato,
461 633 504 698 de
527 644 643 697 sancta
671 634 799 697 Maria:
822 643 856 697 et
881 633 940 698 fiat
963 632 1131 719 processio
1157 628 1210 696 ad'
1226 654 1389 717 vesperas.

178 724 246 788 Vbi
278 722 363 822 fiunt
392 731 459 785 tres
489 722 832 795 commemorationes,
862 722 895 783 in
926 724 976 786 .vi.
1003 721 1084 785 seria
1114 719 1173 784 fiat
1202 741 1269 784 vna
1298 740 1389 783 com-

180 821 386 875 memoratio,

242 972 247 983 .
353 926 388 996 (Ι
411 920 590 983 Dominica
619 921 658 984 ,ii
690 929 766 1002 post
792 919 905 998 Pasca,
930 921 973 984 de
1008 919 1148 984 seruicio
1178 918 1387 983 dominicali:

178 974 259 1044 Apnl
275 970 328 1043 ¹¹¹]
355 1008 493 1071 tercium
511 1009 772 1090 Responsorium
787 1027 809 1070 a
823 1007 955 1071 duobus
970 1017 1130 1071 cantetur.
1179 1008 1217 1071 ln
1233 1004 1388 1070 laudibus

177 1115 244 1157 vna
258 1094 451 1177 antiphona

220 1213 254 1283 (Ι
278 1207 374 1269 Feria
388 1206 428 1270 ii.
444 1207 487 1269 de
503 1204 590 1270 seria
637 1207 861 1289 Responsoria
877 1207 964 1270 illius
979 1206 1059 1270 serie
1080 1259 1087 1272 .
1111 1207 1234 1272 scilicet
1254 1206 1389 1287 Dignus

176 1314 216 1358 es.
262 1295 367 1357 Missa
389 1292 605 1356 dominicalis.

219 1412 253 1482 (Ι
277 1406 372 1468 Feria
387 1406 438 1469 ‚iii
454 1407 497 1468 de
512 1405 597 1468 sesto
612 1405 683 1467 loci

180 1606 189 1669 l
221 1524 255 1594 (Ι
279 1518 377 1581 Feria
391 1518 454 1582 ,iiii
477 1519 520 1581 de
546 1527 663 1581 sancto
690 1516 869 1599 Tyburcio,
897 1517 1130 1583 Inuitatorium
1155 1519 1291 1603 duplex,
1319 1528 1387 1582 tres

192 1616 346 1669 ectrones.

220 1724 255 1794 (Ι
279 1719 376 1780 Feria
405 1739 442 1781 .v.
469 1717 513 1779 de
542 1716 630 1779 leria.
687 1716 913 1800 Responsoria
939 1718 982 1781 de
1011 1718 1114 1780 tercia
1144 1717 1232 1793 seria,
1262 1717 1386 1783 scilicet

178 1806 327 1878 Locutus,
342 1824 417 1866 cum
435 1805 536 1867 missa
551 1814 668 1886 quarte
684 1803 769 1866 serie.

221 1923 255 1993 (Ι
280 1917 377 1980 Feria
403 1917 452 1979 .vi.
468 1916 511 1979 de
525 1916 612 1979 seria
659 1916 884 1997 Responsoria
910 1915 990 1979 Vidi
994 1926 1136 1997 portam.
1182 1917 1338 2001 Epistola
1353 1929 1387 1982 et

178 2004 389 2085 euangelium
406 2004 493 2066 illius
517 2003 603 2066 serie.

221 2124 255 2194 (Ι
278 2115 438 2190 Sabbato,
450 2116 493 2178 de
504 2123 620 2177 sancta
633 2115 747 2179 Maria
785 2114 851 2178 Vbi
865 2115 949 2179 fiunt
961 2126 1028 2178 tres
1044 2116 1388 2194 commemorationes,

178 2206 211 2268 in
229 2227 265 2268 ,ν,
282 2203 363 2266 seria
378 2201 436 2265 fiat
451 2223 517 2265 vna
532 2203 814 2265 commemoratio,
860 2203 907 2264 Et
922 2212 1001 2265 tunc
1017 2203 1051 2266 in
1066 2204 1115 2267 .vi.
1128 2203 1209 2266 seria
1221 2204 1384 2267 dicuntur¹

180 2291 407 2375 Responsoria
421 2289 465 2352 de
479 2290 531 2353 .iii.
549 2288 638 2366 leria,
652 2287 776 2351 scilicet
791 2288 941 2352 Locutus.

240 2454 246 2463 .
353 2407 388 2477 (Ι
412 2401 590 2464 Dominica
613 2401 663 2465 .iii.
687 2410 764 2484 post
790 2400 925 2479 Pascha,
948 2402 991 2465 de
1014 2402 1155 2466 seruicio
1178 2402 1388 2467 dominicali:

177 2455 258 2524 ‘³⁹¹ss
275 2449 328 2523 ¹8']
355 2489 493 2551 tercium
511 2488 773 2570 Responsorium
789 2508 809 2550 a
825 2488 958 2552 duobus
974 2499 1134 2553 cantetur.
1174 2490 1214 2552 In
1231 2489 1387 2555 laudibus

177 2596 243 2639 vna
258 2576 450 2657 antiphona

219 2694 254 2764 (Ι
277 2687 375 2751 Feria
400 2688 439 2751 ,ii
464 2687 508 2750 de
533 2695 651 2750 sancto
688 2686 854 2769 Alphego,
889 2686 1123 2751 Inuitatorium
1159 2689 1296 2773 duplex,
1320 2702 1387 2755 tres

177 2775 335 2838 lectiones
350 2774 393 2836 de
408 2774 585 2837 communi
631 2773 823 2854 Capitulum
844 2772 962 2837 Omnis
968 2776 1125 2856 pontifex

220 2894 254 2964 (Ι
278 2887 375 2949 Feria
390 2886 440 2949 iii.
456 2885 499 2949 de
515 2885 601 2949 feria
649 2886 874 2967 Responsoria
889 2885 1077 2967 Dtgmuscs.
1125 2887 1229 2951 Missa
1245 2889 1386 2953 domini-

177 2976 266 3037 calis

219 3093 253 3163 (Ι
278 3085 375 3149 Feria
389 3085 453 3149 iiii.
468 3085 511 3147 de
528 3083 614 3147 seria
662 3085 888 3167 Responsoria
903 3085 1050 3150 Locutus.

219 3205 253 3275 (Ι
277 3199 375 3261 Feria
391 3219 429 3261 .v.
445 3198 488 3260 de
503 3197 589 3260 sesto
604 3196 677 3259 loci.

219 3317 253 3387 (Ι
277 3311 374 3373 Feria
388 3310 438 3373 .vi.
454 3311 497 3372 de
512 3320 630 3372 sancto
646 3308 800 3390 Georgi0,
817 3311 927 3373 minus
942 3309 1080 3391 duplex.

218 3430 252 3500 (Ι
276 3422 435 3497 Sabbato,
451 3422 494 3484 de
508 3431 626 3485 sancta
642 3421 760 3483 Maria.
807 3420 862 3483 Ad
890 3442 1046 3503 vesperas
1069 3423 1127 3487 fiat
1154 3425 1315 3488 memoria
1341 3427 1384 3489 de

174 3511 353 3581 dominica,
369 3518 403 3572 et
418 3509 593 3591 processio.
638 3507 705 3571 Vbi
722 3507 806 3570 fiunt
822 3519 888 3571 tres
910 3512 1254 3587 commemorationes,
1269 3513 1301 3575 in
1318 3514 1382 3577 iiii.

175 3597 257 3661 feria
283 3595 341 3660 fiat
364 3616 431 3658 vna
456 3596 740 3659 commemoratio.
785 3596 831 3658 Et
855 3605 936 3658 tunc
966 3597 1000 3658 in
1024 3597 1090 3659 .iii.²
1116 3597 1196 3661 feria
1218 3647 1225 3661 .
1250 3599 1383 3664 dicitur’

176 3683 438 3767 Responsorium
454 3684 498 3746 de
512 3683 576 3745 iiii.
592 3682 682 3759 seria,
697 3682 821 3746 scilicet
846 3682 927 3745 Vidi
935 3692 1077 3763 portam.

174 3846 254 3917 uu
268 3843 323 3916 2⁵³
350 3795 667 3962 llluttssll·
684 3795 1078 3945 ‘tumultuat
1100 3798 1380 3951 {tttttlltt

172 3968 419 4045 resurrectione,
434 3970 616 4032 secundum
632 3932 805 4031 ordinem:
829 3969 860 4031 N
863 3932 906 4031 on
923 3970 966 4032 de
986 3970 1162 4034 dominica

204 4213 212 4245 ¹
229 4215 358 4267 dicantur:
376 4215 416 4265 88.
787 4213 799 4245 ²
814 4215 866 4266 vi:
883 4214 923 4266 88.

203 4281 214 4311 ³
230 4281 361 4332 dicuntur:
378 4280 420 4343 87,
432 4280 472 4331 88.

203 4346 214 4375 ⁴
230 4355 255 4396 et
266 4347 387 4396 memoria
398 4347 429 4396 de
441 4345 585 4403 Dominica,
598 4355 623 4396 et
635 4346 667 4395 de
680 4346 876 4405 Resurrectione,
897 4346 929 4396 de
948 4346 1047 4396 ieiunio.
1084 4348 1116 4396 Et
1136 4347 1191 4409 [de]
1208 4349 1372 4413 processione,

171 4428 219 4475 que
234 4413 298 4462 solet
312 4412 366 4462 fieri
383 4422 440 4477 post
458 4412 558 4461 missam
578 4412 615 4472 [in
632 4412 673 4461 die
690 4411 716 4461 S.
738 4411 829 4472 Marci]
846 4412 907 4460 nilnl
925 4412 969 4462 fiat
986 4429 1017 4461 eo
1035 4428 1121 4471 anno;
1139 4413 1183 4462 sed
1200 4415 1326 4477 processio
1340 4416 1373 4464 ad

171 4493 287 4541 resperas
303 4478 346 4527 fiat
363 4493 433 4527 more
448 4477 530 4527 solito.
567 4477 621 4526 Nec
638 4476 687 4526 alia
703 4477 822 4525 memoria
838 4477 954 4527 habenda
971 4485 1008 4527 est
1025 4477 1056 4527 de
1074 4478 1262 4529 Resuneetione
1273 4480 1306 4530 ad
1318 4480 1374 4530 illas

171 4558 295 4607 vesperus,
307 4542 355 4592 nisi
370 4544 487 4593 Chn'stus
498 4559 636 4607 resurgcus,
649 4559 705 4591 cum
716 4558 762 4592 suo
773 4558 852 4592 versu·
891 4544 967 4593 Crede
978 4545 1028 4602 M,
1041 4545 1055 4602 5
1068 4555 1123 4606 143,
1136 4559 1161 4608 p.
1175 4545 1215 4605 69.

1221 4626 1286 4673 02
