3326 5208
514 485 739 536 SECUNDUM
758 486 786 537 C.
820 488 897 536 aviii.
916 484 980 538 ml·
995 488 1042 537 vii.
1062 489 1115 541 iiii.
1368 502 1414 539 211

254 634 278 721 [i
294 637 358 720 .vi]
402 643 437 713 11
460 639 557 700 Feria
580 638 631 702 ‚iii
658 638 701 701 de
723 648 841 701 sancto
863 638 1066 722 Augustino,
1101 640 1242 705 Inferius
1268 641 1417 725 duplex:

210 725 371 787 memoria
386 724 429 787 de
443 738 560 788 sancto
577 723 793 802 Nichomede,
807 736 842 789 et
857 728 901 789 de
916 728 1055 790 octauis¹
1072 728 1136 791 sub
1151 728 1291 792 silentio.

251 842 286 912 11
308 836 365 899 Ad
389 856 552 919 vesperas,
577 837 738 900 memoria
760 837 803 900 de
824 846 941 901 sancta
967 839 1082 903 Maria„
1129 840 1328 924 Antiphona
1344 840 1416 906 Sub

207 932 301 987 tuam
315 973 322 987 .
338 923 536 989 solenniter:
559 922 633 986 sed²
647 924 691 986 de
706 926 921 1006 martyribus³
935 935 969 988 et
984 927 1027 988 de
1042 928 1170 989 octauis
1186 928 1249 990 sub
1265 928 1405 992 silentio.

250 1042 285 1112 11
307 1035 405 1098 Feria
419 1036 490 1112 .iiii.,
507 1035 550 1098 de
565 1046 681 1098 sancta
697 1036 815 1114 Maria,
830 1048 865 1100 et
879 1037 947 1100 due
962 1040 1143 1102 memorie.⁴

247 1153 282 1223 11
305 1148 402 1210 Feria
431 1170 469 1211 .v.
504 1147 643 1209 Festum
675 1146 831 1229 Corporis
863 1147 995 1226 Christi,
1023 1152 1129 1213 maius
1168 1150 1306 1234 duplex.
1368 1153 1414 1216 Et

205 1243 302 1297 erunt
324 1245 443 1298 octaue
465 1254 542 1298 cum
566 1235 727 1314 regimine
757 1234 857 1301 chori.
914 1236 992 1299 Non
1016 1238 1137 1300 dicitur
1159 1259 1272 1302 versus
1298 1239 1413 1303 Gloria

205 1321 274 1399 tibi,
302 1321 453 1400 Domine,
476 1322 537 1403 qui
560 1331 666 1398 notus,
695 1321 768 1384 Nisi
789 1322 925 1404 quando
951 1322 990 1387 fit
1014 1325 1189 1388 seruicium
1217 1327 1259 1388 de
1285 1328 1412 1390 octauis

206 1417 345 1473 tantum.

247 1525 282 1595 11
304 1519 361 1583 Ad
385 1520 548 1583 secundas
569 1539 734 1601 vesperas,
750 1519 881 1602 psalmi,
896 1520 1051 1603 hymnuS,
1066 1531 1100 1585 et
1123 1524 1312 1599 versiculus,
1328 1526 1413 1588 sicut

204 1606 248 1669 ad
264 1608 390 1689 primas
407 1627 568 1690 vesperas.
599 1606 645 1669 Et
660 1608 708 1669 ita
723 1628 783 1688 per
797 1616 887 1670 totas
903 1618 1049 1686 octauas,
1061 1612 1198 1691 quando
1213 1612 1255 1674 de
1272 1611 1413 1675 octauis⁶

203 1694 321 1775 agitur.

247 1813 282 1883 11
305 1806 361 1869 Ad
378 1806 572 1869 memoriam
589 1806 632 1869 de
647 1805 789 1869 octauis³
804 1806 837 1868 in
854 1805 946 1868 festis
969 1818 1169 1884 sanctorum,
1184 1812 1227 1873 ad
1250 1831 1412 1893 vesperas,

204 1893 385 1958 versiculus
413 1893 542 1956 Panem
565 1892 606 1954 de
626 1893 694 1957 celo.
741 1892 788 1955 Et
810 1891 853 1955 ad
876 1895 1067 1971 matutinas,
1091 1898 1271 1960 versiculus
1294 1897 1414 1961 Posuit

192 1982 292 2066 fines,
308 1981 365 2045 &a

246 2100 281 2170 11
303 2094 332 2157 F
333 2094 401 2157 eria
415 2092 464 2156 .vi.
478 2093 521 2155 de
535 2092 684 2167 octauis,⁶
699 2101 766 2154 tres
782 2090 963 2155 lectiones:
985 2101 1019 2155 et
1041 2093 1133 2156 nulla
1156 2096 1325 2173 memoria,
1349 2096 1411 2160 nisi

202 2182 245 2244 de
260 2193 380 2245 octaua
397 2179 520 2243 Sancte
535 2179 710 2241 Trinitatis
725 2188 866 2242 tantum.
914 2179 975 2241 Per
990 2183 1141 2243 octauas⁶
1156 2191 1190 2244 et
1214 2184 1246 2244 in
1270 2184 1409 2261 octauis,

202 2268 333 2332 dicatur
349 2267 531 2349 Sequentia
545 2265 625 2329 Ecce
632 2265 735 2346 panes
749 2266 947 2347 angelorum,
963 2270 1019 2331 &a

245 2387 279 2457 11
303 2378 462 2455 sabbato,
493 2379 536 2441 de
565 2377 715 2452 octauis3
738 2387 773 2440 et
799 2379 961 2441 memoria
983 2379 1026 2442 de
1057 2381 1281 2459 martyribus,⁶
1309 2392 1343 2445 et
1368 2383 1411 2447 de

203 2467 333 2531 octauis
349 2465 473 2532 Sancte
487 2464 669 2529 Trinitatis.

245 2586 279 2656 11
302 2578 359 2641 Ad
389 2597 544 2661 vesperas
574 2575 747 2639 inchoetur
775 2576 914 2639 historia
943 2596 1020 2640 cum
1046 2578 1232 2661 antiphona
1259 2579 1409 2663 Loquere,

201 2667 343 2731 Domine
352 2689 364 2729 .·
388 2664 548 2728 memoria
563 2663 606 2726 de
623 2662 747 2726 Sancta
767 2663 939 2727 Trinitate.
985 2664 1044 2727 Et⁷
1060 2663 1118 2728 hat
1141 2669 1308 2748 processio
1331 2680 1409 2733 ante

200 2773 341 2829 crucem,
356 2764 391 2816 vt
407 2753 528 2835 supra⁷

377 2870 412 2940 11
435 2862 614 2928 Dominica
622 2861 730 2944 prima
739 2870 816 2943 post
827 2859 947 2924 festum
961 2860 1085 2925 Sancte
1101 2863 1282 2942 Trinitatis,
1297 2876 1407 2931 totum

201 2918 274 2986 June
285 2914 324 2987 δ’]
378 2952 421 3014 de
436 2951 564 3014 octauis
588 2948 745 3032 Corporis
768 2946 910 3012 Christi:
939 2949 1075 3012 Nonum
1102 2950 1364 3034 Responsorium
1388 2975 1409 3018 a

202 3039 333 3102 duobus
377 3047 536 3102 cantetur.
606 3036 644 3097 ln
688 3034 851 3111 laudibus,
894 3055 960 3098 vna
1001 3038 1207 3119 antiphona,⁸
1249 3040 1293 3103 Te
1329 3042 1407 3107 titre.

205 3125 364 3189 Psalmus.
420 3124 608 3205 Quocunque
630 3123 703 3184 vult
724 3123 839 3184 saluus
861 3143 933 3186 esse.
995 3123 1100 3186 Missa
1126 3126 1335 3189 dominicalis
1372 3128 1405 3191 in

200 3213 349 3295 capitulo
363 3212 500 3276 dicatur.
545 3212 592 3273 Et
608 3224 687 3272 tunc
703 3210 736 3271 in
749 3228 882 3271 summa
897 3209 998 3272 missa
1013 3210 1105 3273 nulla
1120 3213 1181 3274 erit
1197 3216 1365 3279 memoria

244 3330 278 3400 11
303 3325 398 3387 Feria
443 3324 598 3398 secunda,
635 3322 678 3384 de
725 3321 874 3384 octauis.⁵
937 3322 1162 3404 Responsoria
1208 3325 1251 3387 de
1299 3328 1407 3408 primo

200 3422 371 3475 nocturno

244 3529 279 3599 11
302 3524 398 3586 Feria
422 3523 532 3598 tercia,
557 3522 599 3584 de
624 3519 786 3583 octauis⁵z
818 3529 851 3582 et
882 3522 1044 3583 memoria
1070 3522 1112 3584 de
1139 3523 1406 3591 confessoribus.l

203 3611 466 3693 Responsorium
482 3610 525 3672 de
539 3608 686 3672 secundo
702 3617 872 3671 nocturno.

243 3728 278 3798 11
301 3723 398 3785 Feria
426 3722 489 3786 iiii.
520 3721 562 3784 de
603 3729 719 3783 sancto
766 3719 957 3796 Edmund0‚
996 3719 1233 3786 Inuitatorium
1271 3725 1404 3807 triplex,

201 3810 247 3875 ix
274 3810 439 3874 lectiones.
486 3808 598 3870 Medie
613 3807 772 3870 lectiones
789 3806 832 3868 de
857 3806 1092 3887 martyribus.¹⁰
1136 3809 1285 3892 Vespere
1308 3823 1405 3877 erunt

202 3898 244 3960 de
278 3896 425 3978 Corpore
473 3894 615 3960 Christi:
660 3892 845 3974 antiphona
884 3893 1047 3956 Sacerdos.
1116 3897 1269 3960 Psalmus
1305 3898 1405 3962 Dicit

200 3983 374 4060 Dominus,
387 3993 422 4046 et
437 3982 536 4046 ceteri
559 3981 678 4064 psalmi
702 3982 788 4043 sicut
811 3980 844 4041 in
871 3980 987 4063 primis
1010 3983 1164 4064 vesperis.
1210 3983 1403 4068 Capitulum

232 4216 240 4248 ι
258 4218 285 4269 5,
299 4218 435 4268 Trinitatis
583 4212 595 4244 ²
611 4214 709 4279 primo:
726 4214 782 4262 add.
796 4224 894 4288 97‚o1.'
1033 4209 1044 4243 ⁸
1060 4212 1107 4264 SS.
1122 4215 1271 4265 Marcellino
1282 4224 1307 4266 et
1319 4218 1400 4269 Petro.

231 4281 333 4334 ⁴mem.
347 4283 380 4333 de
392 4284 437 4333 SS.
453 4280 602 4331 Marcellino
611 4289 638 4330 et
650 4280 733 4340 Petro,
745 4288 770 4329 et
781 4278 813 4328 de
825 4279 957 4352 Tnmtate
1001 4342 1006 4352 Ι
1079 4342 1094 4354 ..
1185 4345 1190 4354 .

231 4346 497 4462 {Eme-Til:
514 4411 546 4473 ⁸⁷
569 4409 601 4459 e
825 4340 1245 4473 {iilrfflththaltfhn
1258 4413 1289 4472 si
1312 4411 1344 4461 ss

230 4430 619 4552 2ssl¹31⁰1i2⁵1¹30emamt
894 4538 900 4547 ,
1163 4447 1170 4460 ’
1292 4448 1299 4472 ’
1345 4450 1352 4463 ’

230 4542 252 4575 ¹⁰
267 4543 325 4607 [SS.
339 4544 424 4594 Primo
435 4552 460 4593 et
471 4542 620 4602 Feliciorem]
652 4548 678 4591 et
689 4549 785 4590 tantum
797 4554 918 4589 memorre
928 4537 960 4588 de
971 4548 1078 4589 octaua:
1095 4541 1151 4589 add.
1166 4552 1207 4602 97,
1219 4554 1259 4590 οι.

1250 4623 1312 4670 ΡΖ
