3330 5218
288 433 320 481 68
624 426 899 478 DIRECTORIUM
916 424 1184 476 SACERDOTUM.

465 580 701 658 (IDominica
729 579 759 643 .ἰ.
796 578 1060 661 quadragesime,
1093 587 1166 642 tota
1198 576 1319 641 dicitur
1355 576 1493 641 historia

292 635 360 689 Feb.
374 629 430 703 ²⁶]
468 666 695 733 dominicalis:
716 675 750 730 et
766 667 799 729 in
816 666 866 730 .vi.
877 664 956 729 feria
968 665 1087 729 dicitur
1097 665 1359 747 Responsorium
1373 665 1493 729 feriale

334 915 368 984 11
392 909 487 971 Feria
503 929 540 971 .v.
557 907 599 971 de
614 916 730 970 sancto
746 905 871 982 Cedda,
887 904 932 968 ix.
948 903 1130 968 lectiones.l

468 1025 503 1095 11
525 1017 704 1083 Dominica
733 1018 773 1082 .ii.
803 1017 1066 1101 quadragesime,
1096 1026 1168 1081 tota
1204 1017 1326 1082 dicitur
1358 1016 1495 1082 historia

294 1070 395 1125 M³¹⁰¹¹
410 1067 445 1140 ⁵³
469 1105 687 1170 dominicalis.

336 1232 370 1301 11
393 1226 490 1289 Feria
511 1225 574 1289 iiii.
597 1225 716 1289 dicitur
745 1224 889 1307 primum
914 1223 1176 1306 Responsorium
1201 1222 1323 1302 feriale,
1346 1233 1380 1288 et
1401 1225 1492 1289 aliud

294 1313 328 1376 in
343 1312 494 1390 sabbato,
509 1333 585 1375 cum
603 1312 828 1394 Responsorio
843 1310 954 1389 Pater,
962 1311 1100 1392 peccaui.

337 1438 372 1512 11
395 1433 492 1496 Feria
513 1431 564 1495 iii.
588 1430 646 1495 fiat
669 1431 829 1494 memoria
859 1431 901 1494 de
922 1429 1105 1515 virginibus
1129 1431 1293 1513 Perpetua
1318 1441 1352 1495 et
1376 1430 1495 1497 Felici-

294 1528 365 1583 tate
380 1518 438 1582 Ad
455 1539 610 1602 vesperas
625 1521 672 1581 etl
687 1518 868 1581 matutinas
883 1517 981 1581 beate
997 1518 1112 1581 Marie.

298 1688 329 1741 M
381 1689 401 1743 h
497 1637 732 1714 §IDominica
754 1638 808 1701 iii.
826 1637 1090 1720 quadragesime,
1112 1647 1184 1701 tota
1206 1638 1326 1703 dicitur
1348 1639 1492 1703 historia

331 1704 380 1743 ³¹⁰
416 1686 470 1759 ¹²¹]
497 1725 646 1807 Vespere
667 1733 765 1788 erunt
784 1724 827 1788 de
846 1733 964 1788 sancto
981 1724 1152 1808 Gregori0,
1168 1745 1245 1788 cum
1263 1726 1405 1789 solenni⁸
1425 1746 1493 1789 me·

296 1810 401 1874 moria
415 1810 459 1874 de
473 1811 650 1875 dominica.

339 1936 373 2005 11
396 1929 492 1993 Feria
522 1931 562 1995 .ii.
595 1931 638 1994 de
674 1941 791 1996 sancto
828 1931 998 2014 Gregorio,
1029 1931 1150 1995 lestum
1188 1931 1323 1995 inferius
1351 1931 1496 2016 'duplex

295 2013 488 2098 Capitulum
504 2018 580 2081 Ecce
593 2018 747 2083 sacerdos.

295 2212 305 2228 .
337 2129 682 2278 11·I⁴}eria.v.dicitur
704 2129 847 2213 primum
872 2129 1134 2213 Responsorium
1158 2130 1279 2209 feriale,
1293 2136 1327 2195 et
1349 2130 1415 2195 alia
1429 2128 1498 2196 duo

294 2233 329 2276 m
344 2236 393 2278 .vr.
424 2236 500 2280 erra.

340 2324 374 2393 11
397 2316 556 2397 Sabbat0,
576 2320 619 2383 de
637 2329 753 2384 sancto
772 2319 948 2384 Edwardo.
993 2320 1050 2384 Ad
1075 2321 1198 2404 primas
1221 2341 1375 2404 vesperas
1397 2343 1498 2407 super

296 2404 443 2485 psalmos
467 2407 651 2489 antiphona
674 2407 742 2471 Iste
768 2416 906 2471 sanctus.
933 2406 1125 2490 Capitulum
1149 2408 1272 2472 Beatus
1296 2409 1355 2473 uir
1375 2411 1437 2492 qui
1460 2410 1497 2473 in

295 2491 461 2573 sapientem
515 2495 778 2577 Responsorium
793 2494 917 2557 Beatus
930 2494 987 2557 vir
1000 2495 1060 2576 qui
1070 2493 1193 2577 suffert.

414 2656 468 2728 n
497 2609 1195 2762 titianustimont
1212 2611 1499 2764 diluatis

298 2780 458 2843 memoria
473 2782 517 2846 de
532 2783 707 2846 dominica.
755 2719 777 2781 p
1419 2750 1426 2773 ’

339 2887 375 2958 11
398 2883 494 2948 Feria
508 2887 548 2950 .ii.
563 2887 606 2950 de
621 2897 738 2951 sancto
754 2886 949 2965 Cuthbert0,
964 2887 1009 2952 ix.
1025 2887 1191 2953 lectiones.

341 3007 376 3077 11
399 3002 494 3067 Feria
510 3006 560 3069 iii.
577 3007 620 3070 de
635 3017 752 3072 sancto
768 3007 958 3087 Benedict0,
975 3007 1019 3072 ix.
1036 3009 1203 3073 lectiones,

341 3130 375 3199 11
399 3125 495 3190 Feria
510 3127 559 3191 .vi.
574 3128 695 3192 dicitur
710 3128 970 3212 Responsorium
987 3128 1108 3192 feriale.

340 3246 558 3327 {Sabbatq
587 3249 709 3313 festum
740 3249 1016 3313 Annuntiationis
1045 3251 1142 3313 beate
1181 3250 1296 3314 Marie.
1331 3249 1501 3316 Secunde*

298 3355 435 3420 vespere
470 3346 568 3400 erunt
604 3339 647 3400 de
683 3336 858 3412 dominica,
890 3346 923 3401 et
959 3336 1120 3400 memoria
1156 3346 1288 3402 tantum
1325 3338 1368 3401 de
1405 3338 1499 3402 sesto.

299 3428 346 3492 Et
361 3442 498 3506 vespere
520 3422 562 3487 de
584 3434 701 3487 sancta
724 3423 840 3500 Maria,
856 3424 902 3487 Et
922 3424 1176 3506 completorium
1199 3425 1333 3488 dicitur*
1354 3423 1441 3489 sicut
1463 3426 1497 3489 in

298 3514 371 3578 aliis
387 3509 475 3574 feriis
491 3530 550 3593 per
564 3510 876 3595 quadragesimam.⁶

300 3629 402 3685 March
414 3623 470 3696 26.]
499 3631 533 3702 11
555 3621 734 3687 Dominica
749 3623 782 3687 in
795 3623 951 3687 Passione
967 3622 1114 3700 Domini,
1130 3632 1202 3688 tota
1216 3623 1337 3687 dicitur
1352 3624 1500 3688 historia.

342 3753 376 3824 11
400 3747 495 3809 Feria
518 3743 594 3808 iiii.⁷
621 3743 741 3806 dicitur
765 3741 944 3819 occauum†
964 3744 1227 3826 Responsorium
1248 3744 1384 3807 historie
1410 3764 1501 3821 cum,

301 3835 432 3900 duobus
448 3832 624 3897 ferialibus.
669 3830 828 3894 Similiter
843 3829 902 3894 fiat
917 3832 950 3894 in
966 3831 1116 3894 sabbato

333 4003 343 4036 ¹
360 4002 480 4054 lectiones
490 4003 522 4052 de
533 3998 678 4051 communit
694 3998 750 4050 add.
764 4010 806 4062 97,
818 4013 858 4049 01.
1018 3997 1030 4029 ²
1045 4008 1070 4050 et
1082 3999 1132 4049 ad:
1150 3998 1191 4062 87,
1204 3998 1243 4050 88.

333 4068 345 4101 ³
360 4067 474 4119 solenni:
490 4083 537 4116 om.
551 4066 592 4128 87,
606 4064 645 4114 88.
777 4064 788 4095 ⁴
804 4065 934 4116 Secunde:
951 4082 998 4115 om.
1013 4063 1055 4126 87,
1067 4063 1107 4114 88.
1258 4062 1269 4094 ⁶
1284 4064 1417 4115 dicuntur:
1436 4064 1475 4114 88.

333 4133 346 4165 ⁸
361 4134 390 4185 Si
400 4131 569 4183 Annunciatio
583 4132 612 4180 B.
627 4128 709 4180 Marie
726 4128 753 4180 in
769 4130 829 4181 dict.
842 4131 913 4180 sabb.
927 4130 1047 4189 euenerit,
1060 4130 1103 4179 fiat
1121 4137 1200 4180 totum
1217 4130 1250 4180 de
1268 4129 1351 4188 [δῖος
1367 4130 1411 4180 sed
1428 4146 1499 4195 vesp.

302 4208 374 4251 erunt
385 4200 418 4249 de
428 4196 563 4257 dominica,
576 4205 601 4247 et
612 4193 721 4246 solennis
732 4211 806 4245 mern.
819 4196 852 4246 de
863 4195 934 4245 sesto.
979 4196 1012 4245 Et
1028 4204 1087 4245 tunc
1103 4211 1171 4260 vesp.
1185 4203 1210 4245 et
1226 4197 1318 4260 compl.
1332 4195 1364 4245 de
1376 4195 1401 4246 S.
1417 4195 1501 4244 Maria

302 4267 417 4317 dicuntur
433 4270 504 4314 extre
520 4263 632 4320 chorum,
645 4259 708 4311 sicut
725 4260 751 4310 in
768 4260 825 4311 aliis
841 4260 908 4310 feriis
926 4260 1131 4325 Quadragesirne.
1169 4261 1244 4310 Crede
1261 4261 1300 4310 M.
1320 4262 1334 4320 ἕ
1352 4269 1392 4321 77,
1410 4276 1435 4325 p.
1455 4273 1496 4322 49.

301 4332 376 4381 Brev.
392 4332 449 4379 Sar.
466 4342 475 4378 1
497 4341 536 4392 31,
548 4325 636 4377 dccvii.
650 4341 722 4391 says:
740 4325 800 4376 ‘Ad
811 4325 836 4376 ii.
856 4341 971 4390 vesperus
987 4325 1024 4386 [in
1034 4325 1161 4375 dominice
1178 4325 1313 4387 Passionis]
1330 4325 1373 4375 liat
1389 4326 1501 4376 solennis

300 4394 420 4494 mpmqria
430 4393 463 4509 (ἐξ
473 4338 674 4443 {mundatione
685 4391 710 4443 τ’
726 4391 771 4441 but
783 4391 874 4456 Panis.
891 4391 953 4455 1556
963 4391 1018 4452 has,
1031 4408 1099 4441 more
1110 4392 1238 4455 correctly,
1251 4391 1302 4440 ‘Ad
1313 4390 1329 4441 i.
1344 4390 1423 4456 vesp)

358 4477 413 4511 un:
464 4496 470 4508 .
