3326 5208
275 436 321 487 182
589 439 865 489 DIRECTORIUM
892 438 1158 501 SACERDOTUM.

317 597 351 667 «Ι
374 591 535 669 Sabbato‚
561 592 604 655 de
630 592 759 655 octauis
775 643 781 656 .
797 592 936 654 tercium
963 591 1224 672 Responsorium
1248 592 1374 675 Regali.
1421 593 1477 656 Ad

275 680 469 742 matutinas¹
501 681 662 743 memoria
692 679 735 742 de
769 679 984 760 martyribus²
999 726 1006 740 .
1023 678 1065 741 de
1088 679 1277 745 dominica.
1294 680 1479 763 antiphona

273 766 316 829 ln
345 766 515 830 omnibus.
532 768 574 831 de
605 767 779 841 Trinitate‚
810 776 844 829 et
869 767 1035 848 processio
1066 764 1124 828 fiat
1151 776 1229 829 ante
1250 787 1390 831 crucem.
1438 768 1477 830 In

274 853 453 930 redeundo,
470 854 655 936 antiphona
673 853 833 917 Saluator
846 852 970 929 mundi,
985 852 1165 916 versiculus
1180 853 1339 917 Exultent
1353 856 1438 919 iusti.

451 971 485 1041 «Ι
509 966 688 1029 Dominica
706 967 745 1030 ii.
761 965 804 1028 de
819 965 960 1028 octauis³
983 965 1081 1028 beate
1104 965 1212 1029 Marie
1234 967 1287 1031 ix.
1311 966 1478 1031 lectiones.

451 1055 590 1117 tercium
637 1053 909 1135 Responsorium.
985 1052 1161 1115 Natiuitas
1211 1064 1281 1128 est,·
1341 1064 1476 1118 sextum

275 1139 537 1222 Responsorium
552 1138 716 1206 Gloriosa.
733 1160 858 1202 nonum
871 1140 1130 1221 Responsorium
1147 1139 1209 1201 Ad
1221 1150 1353 1205 nutum.
1366 1151 1400 1203 et
1411 1151 1478 1204 tres

275 1227 441 1291 memorie.
488 1227 594 1291 Missa
609 1227 818 1290 dominicalis
841 1227 874 1289 in
898 1226 1045 1307 capitulo
1068 1227 1209 1302 dicitur‚⁴
1225 1247 1301 1290 cum
1319 1229 1479 1291 memoria
1500 1284 1503 1289 ,

274 1315 316 1376 de
328 1313 502 1388 Trinitate‚
512 1325 546 1377 et
559 1312 666 1380 Credo.
715 1314 753 1376 ln
765 1333 896 1376 summa
909 1314 1028 1377 missa.
1042 1313 1202 1376 memoria
1211 1315 1254 1377 de
1264 1316 1478 1398 martyribus²

273 1402 365 1464 etde
382 1401 548 1466 Omnibus
565 1401 697 1467 Sanctis
713 1410 852 1464 tautum.

316 1518 350 1588 «Ι
374 1513 469 1576 Feria
485 1514 524 1578 ii.
540 1514 584 1577 de
599 1513 751 1577 octauis.⁶
795 1512 1021 1595 Responsoria
1036 1512 1198 1595 deprimo
1214 1524 1385 1588 nocturno,
1402 1535 1477 1577 curn

274 1602 500 1683 Responsorio
523 1601 669 1682 Regali.
694 1598 878 1682 antiphona
899 1598 971 1662 Sub
992 1610 1093 1676 tuam,
1116 1600 1265 1681 psalmus
1281 1601 1472 1664 Benedictus

274 1688 331 1752 Ad
348 1709 510 1772 vesperas,
527 1688 712 1770 antiphona
727 1687 835 1750 Hodie
850 1696 929 1749 nata
944 1738 951 1751 .
967 1687 1116 1768 psalmus
1131 1687 1338 1770 Magnificat.

315 1806 350 1877 «Ι
374 1801 470 1864 Feria
492 1801 544 1864 iii.
568 1799 612 1863 de
633 1799 769 1864 octauis.
816 1798 1043 1880 Responsoria
1066 1801 1109 1862 de
1131 1800 1279 1862 secundo
1306 1810 1477 1870 nocturno.

272 1908 349 1952 cum
391 1889 617 1970 Responsorio
656 1886 860 1950 Natiuitas.
884 1886 1069 1968 antiphona
1098 1887 1299 1963 Beatissimi,
1330 1888 1478 1970 psalmus

271 1975 473 2144 {sepedicfiupi
516 1974 573 2037 Ad
596 1994 761 2056 vesperas,
777 1972 962 2055 antiphona
987 1971 1125 2050 Quando
1148 1984 1228 2036 irata
1242 1984 1310 2038 est.
1327 1975 1475 2056 psalmus

332 2083 437 2144 gnic
471 2112 477 2124 .

275 1016 352 1086 Sept.
370 1014 422 1087 11.]

272 2261 432 2324 lectiones
462 2261 504 2324 de
536 2259 751 2342 martyribus⁰
791 2279 867 2321 curn
906 2259 1068 2322 versiculo
1098 2269 1132 2323 et
1164 2261 1396 2343 Responsoriis
1434 2262 1477 2325 de

272 2349 420 2412 secundo
436 2357 600 2411 nocturno
623 2347 842 2429 plurimorum
860 2356 1066 2427 martyrum:
1091 2349 1252 2410 memoria
1274 2347 1318 2412 de
1340 2350 1476 2412 octauis.

273 2436 329 2498 Ad
355 2436 549 2498 matutinas⁶
572 2445 670 2497 extra
694 2434 842 2509 chorum,
860 2434 1086 2514 Responsoria
1110 2435 1152 2496 de
1178 2436 1281 2498 tercio
1306 2445 1477 2508 nocturno

272 2542 348 2586 cum
363 2521 589 2605 Responsorio
602 2519 745 2584 Gloriosa
759 2571 765 2584 .
782 2519 967 2601 antiphona
978 2541 1078 2603 super
1092 2521 1283 2584 Benedictus
1293 2525 1476 2585 secundum

273 2611 433 2673 ordinem.
486 2607 543 2671 Ad
574 2628 739 2689 vesperas,
764 2608 925 2669 memoria
954 2606 998 2670 de
1028 2609 1155 2671 octauis
1186 2620 1221 2672 et
1252 2609 1294 2672 de
1318 2613 1477 2692 martyre²

271 2697 459 2760 solenniter.

315 2815 349 2885 «Ι
373 2808 721 2873 Feria.v.de0ctaua⁸
768 2806 1001 2869 Inuitatorium
1013 2806 1135 2889 triplex
1151 2859 1158 2872 .
1175 2810 1311 2873 tercium
1325 2811 1477 2893 Respon-

271 2899 396 2961 sorium
408 2894 529 2976 Regali
542 2946 548 2957 .
565 2904 700 2957 sextum
713 2895 975 2974 Responsorium
986 2893 1179 2957 Natiuitas.
1190 2916 1315 2960 nonum
1328 2898 1478 2980 Respon-

271 2984 396 3048 sorium
421 2982 482 3045 Ad
503 2991 627 3044 nutum.
673 2981 823 3063 Vespere
846 2990 943 3043 erunt
967 2981 1010 3044 de
1039 2993 1169 3059 octaua,
1192 2993 1227 3046 et
1252 2985 1411 3048 memoria
1435 2987 1477 3048 de

271 3080 387 3135 sancta
404 3068 539 3146 Editha,
554 3078 588 3132 et
603 3067 646 3130 de
662 3068 885 3148 martyribus⁹

315 3189 349 3259 «Ι
373 3182 469 3245 Feria
484 3181 533 3245 ,vi
549 3182 592 3244 de
614 3189 731 3243 sancta
755 3180 889 3253 Editha‚
906 3181 950 3244 ix.
967 3179 1134 3245 lectiones.
1182 3181 1295 3246 Medie
1320 3183 1478 3247 lectiones

272 3271 315 3335 de
332 3268 555 3352 martyribus,⁰
570 3287 647 3330 cum
663 3266 825 3329 versiculo
837 3277 871 3329 et
887 3267 1173 3349 Responsoriisde
1188 3271 1291 3333 tercio
1307 3282 1477 3334 nocturno.

274 3357 454 3422 Secunde¹⁰
468 3375 606 3438 vespere
628 3364 725 3417 erunt
740 3355 783 3416 de
798 3352 893 3430 sesto,
916 3365 950 3417 et
974 3356 1134 3417 memoria
1157 3357 1199 3419 de
1221 3366 1338 3420 sancta
1363 3358 1477 3422 Maria.

273 3443 457 3526 antiphona
474 3441 544 3505 Sub
558 3451 659 3517 tuam,
676 3450 709 3504 et
725 3441 887 3503 memoria
902 3441 944 3504 de
960 3444 1139 3523 martyre.¹¹

316 3561 350 3631 «Ι
373 3554 533 3630 Sabbato,
549 3553 592 3616 de
607 3561 723 3616 sancta
739 3553 856 3627 Maria,
872 3562 906 3615 et
923 3554 1082 3616 memoria
1098 3556 1141 3618 de
1155 3566 1272 3620 sancto
1290 3557 1478 3621 Lamberto.

274 3644 329 3706 Ad
347 3662 502 3725 vesperas
518 3640 692 3704 inchoetur
717 3638 855 3704 historia
877 3660 952 3703 curn
971 3641 1204 3723 Responsorio.
1252 3643 1415 3708 Memoria
1438 3644 1480 3707 de

273 3729 448 3805 Trinitate,
464 3738 497 3791 et
513 3728 680 3810 processio
696 3725 762 3790 fiat

450 3846 484 3915 «Ι
508 3838 637 3903 Littera
674 3838 909 3902 dominicalis¹²
944 3838 980 3914 B,
1004 3851 1125 3921 quarto
1155 3842 1287 3905 decimo
1317 3842 1478 3907 kalendas

452 3926 620 4003 Octobris,
634 3935 706 3989 tota
721 3935 875 3988 cantetur
889 3926 1026 3990 historia
1042 3927 1136 4009 (Peto
1151 3928 1313 4011 Domine).

274 3893 351 3963 Sept.
368 3888 421 3961 ru]

305 4174 315 4207 ¹
332 4192 466 4241 vesperas:
483 4174 524 4238 87,
539 4174 579 4225 88.
909 4173 921 4205 ²
938 4176 984 4226 SS.
999 4176 1093 4226 Protho
1103 4188 1129 4227 et
1146 4178 1266 4229 lacincto.

305 4240 486 4291 ‘Natiuitatis
908 4240 919 4271 ⁴
935 4241 1048 4292 dicatur:
1066 4241 1106 4292 88.

305 4304 316 4336 ⁶
332 4306 393 4355 Nat.
408 4308 436 4356 B.
452 4305 548 4356 Mariae
559 4306 591 4356 V.
909 4304 921 4336 ⁶
937 4306 982 4357 SS.
997 4307 1115 4357 Cornelio
1126 4318 1151 4358 et
1163 4308 1297 4374 Cypriano.

304 4370 316 4403 7
333 4372 359 4422 S.
374 4371 520 4421 Nicomede.
909 4370 920 4402 ⁸
937 4372 996 4421 Nat.
1012 4373 1040 4421 B.
1056 4373 1152 4423 Mariae
1164 4374 1195 4423 V.

304 4434 316 4467 ⁹
332 4436 378 4486 SS.
393 4436 543 4502 Euphemia,
557 4435 634 4486 Lucia
645 4445 670 4486 et
681 4434 841 4488 Geminiano.
909 4434 928 4467 ¹⁰
946 4437 1076 4488 Secunde:
1093 4455 1140 4489 oin.
1155 4437 1196 4500 87,
1209 4437 1249 4489 88.

305 4499 325 4532 ¹²
342 4501 368 4552 S.
384 4502 527 4552 Lamberto.
906 4500 926 4532 ¹⁷¹
943 4502 1105 4555 dominicali:
1122 4502 1164 4566 87,
1176 4503 1216 4554 88.
