3326 5208
284 460 332 508 242
612 448 886 501 DIRECYURIUM
913 450 1180 500 SACERDOTUM.

324 606 359 677 (Ι
383 601 542 677 Sa'obat0,
573 605 616 667 de
644 611 761 666 sancta
784 603 899 666 Maria.
947 604 986 666 In
1017 604 1138 678 missa‚¹
1161 602 1202 665 K
1195 603 1270 684 yrie
1290 602 1496 683 omnipotens.

285 687 434 768 Spiritus
447 699 479 751 et
492 692 586 767 alme,
600 701 634 754 et
649 689 840 753 Benedictus
854 690 902 753 M
898 690 970 752 arie
976 689 1080 772 filius.

325 805 360 876 (Ι
382 800 451 863 Vbi
468 800 550 866 fiunt
569 812 635 866 tres
657 804 1001 878 commemorationes,
1018 802 1051 864 in
1067 803 1105 866 .ii.
1130 801 1210 865 feria
1234 801 1291 865 fiat
1314 824 1381 866 vna
1402 823 1495 865 com·

284 889 488 952 memoratio

326 1005 360 1075 (Ι
384 1000 567 1065 Claudatur
589 1001 729 1065 alleluia.
776 1000 922 1084 Quando
946 1001 983 1064 fit
1005 1001 1180 1064 seruicium
1203 1003 1247 1065 de
1271 1001 1383 1082 aliquo
1409 1000 1495 1065 sesto

283 1088 384 1149 trium
396 1087 585 1163 lectionum,
594 1109 698 1171 vsque
710 1088 752 1152 ad
763 1099 865 1170 caput
881 1089 1000 1165 ieiunii,
1017 1109 1092 1152 cum
1109 1099 1273 1152 nocturno
1289 1085 1494 1152 celebetur².

284 1185 319 1237 et
334 1182 414 1236 tunc
430 1176 522 1240 nulla
537 1177 698 1239 memoria
713 1175 770 1238 fiat
787 1176 829 1237 de
845 1175 933 1239 leria

227 1320 230 1323 ·
285 1299 353 1352 Feb.
368 1295 422 1367 21.]
464 1288 700 1364 ([Dominica
716 1288 750 1349 in
766 1287 857 1363 lxx„
872 1297 980 1352 totum
997 1288 1040 1350 de
1056 1288 1230 1351 dominica.

283 1488 293 1550 l
326 1407 360 1476 (Ι
384 1402 480 1465 Feria
510 1402 539 1465 ¹ii
587 1401 630 1464 de
668 1411 784 1463 sancto
823 1397 943 1464 Petr0.³
1004 1401 1235 1464 lnuitatorium
1275 1400 1408 1483 triplex,
1447 1401 1494 1463 ix.

295 1491 449 1553 ectioneS.

326 1607 359 1676 (Ι
385 1602 481 1664 Feria
496 1601 535 1664 ii.
552 1600 595 1661 de
611 1598 696 1662 sesto
712 1599 783 1663 loci.

325 1719 359 1788 (Ι
383 1713 527 1778 Sanetus
566 1713 729 1776 Matthias
775 1731 841 1774 non
880 1710 981 1775 habet
1025 1711 1197 1793 vigiliam*
1234 1712 1297 1775 nisi
1336 1713 1493 1776 ieiunium

283 1811 423 1864 tantum.

325 1918 359 1987 (Ι
384 1913 480 1975 Feria
494 1912 554 1975 iiii.
571 1911 613 1973 de
629 1920 745 1973 sancto
763 1910 915 1987 Matthia,
933 1909 1073 1973 Inferius
1094 1911 1230 1993 duplex.

325 2030 359 2100 (Ι
384 2025 479 2087 Feria
494 2012 530 2087 .νῖ
547 2024 588 2085 de
605 2022 692 2093 seria,
712 2043 786 2085 cum
812 2023 1043 2104 Responsoriis
1066 2023 1108 2085 de
1131 2022 1269 2087 historia
1296 2024 1495 2102 dominicali,

282 2133 358 2174 cum
376 2114 478 2174 missa
493 2120 610 2191 quarte
627 2110 712 2173 serie.

326 2224 479 2298 ([Feria
516 2223 565 2285 .vi.
597 2222 639 2283 de
677 2221 765 2284 feria.
826 2223 872 2285 Et
902 2222 1056 2284 dicantur
1094 2221 1320 2304 Responsoria
1358 2224 1491 2288 lerialia.

284 2311 439 2393 Epistola
454 2320 488 2371 et
504 2308 714 2388 euangelium
730 2309 879 2372 eiusdem
896 2309 982 2371 ferie.

326 2427 360 2497 (Ι
385 2421 544 2495 Sabbato
562 2420 605 2483 de
621 2430 737 2483 sancta
754 2420 870 2483 Maria.

324 2539 360 2610 (Ι
384 2533 450 2598 Vbi
467 2532 551 2596 fiunt
568 2544 634 2596 tres
657 2533 998 2606 commemorationes,
1014 2533 1046 2594 in
1064 2534 1112 2597 .vi.
1130 2533 1210 2596 feria
1233 2533 1290 2598 fiat
1314 2555 1379 2597 vna
1402 2555 1492 2597 com·

284 2622 489 2685 memoratio.

326 2739 360 2809 (Ι
385 2734 423 2796 In
451 2753 540 2796 anno
564 2733 719 2801 bisextili.
743 2733 775 2795 in
801 2754 838 2795 .v.
865 2731 944 2794 seria
979 2732 1200 2797 celebrabitur
1237 2734 1358 2799 festum
1386 2738 1493 2800 sancti

285 2820 420 2884 Mathie.
469 2821 512 2883 Et
530 2820 753 2902 Responsoria
770 2819 893 2882 ferialia
909 2821 940 2881 in
958 2820 1018 2883 iiii.
1035 2819 1113 2882 feria
1129 2821 1288 2886 dicantur.

327 2938 360 3007 (Ι
384 2933 430 2996 Et
446 2942 525 2995 tunc
541 2934 585 2995 ab
601 2935 663 2994 hoc
680 2931 830 3009 sabbato,
846 2951 948 3013 vsque
973 2933 1015 2994 ad
1040 2933 1261 3013 inceptionem
1286 2934 1419 2998 historie
1435 2938 1494 3017 (ln

277 3020 464 3103 princhaco),
496 3021 677 3101 accipiatur
708 3020 860 3101 quintum
895 3020 934 3096 B,
969 3040 1031 3101 pro
1061 3020 1170 3083 littera
1206 3021 1413 3087 dominicali:
1458 3036 1494 3088 et

285 3109 458 3170 inchoetur
473 3107 514 3170 ad
530 3107 730 3170 dominicam
748 3107 779 3168 in
796 3106 849 3168 ‚ho

287 3231 354 3285 Feb.
369 3227 423 3300 28.]
461 3226 495 3296 (Ι
519 3219 697 3282 Dominica
712 3219 744 3281 in
761 3219 826 3288 .lx.‚
844 3229 951 3281 totum
969 3221 1011 3282 de
1027 3219 1200 3283 dominica.

328 3340 362 3410 (Ι
387 3335 482 3397 Feria
497 3333 535 3394 ii.
551 3332 594 3393 de
610 3339 726 3394 sancto
743 3329 880 3413 [Dauid,
894 3331 947 3395 ix.
965 3332 1145 3394 lectione5.⁵

329 3452 363 3521 (Ι
387 3446 482 3509 Feria
498 3445 548 3507 iii.
565 3444 607 3506 de
623 3443 753 3525 sancto]
770 3442 895 3517 Cedda,
912 3444 956 3506 ix.
973 3443 1152 3506 lectionesl

288 3646 442 3729 Epistola
458 3656 491 3707 et
507 3643 717 3726 euangelium
734 3640 881 3705 eiusdem
899 3641 983 3705 serie.

330 3763 364 3833 (Ι
388 3757 484 3820 Feria
499 3778 536 3819 .v.
553 3757 594 3818 de
611 3755 696 3818 sesto
712 3755 782 3818 loci.

330 3876 364 3946 (Ι
389 3870 485 3932 Feria
500 3869 547 3932 .vi.
563 3869 605 3931 de
622 3867 708 3930 seria.
757 3867 859 3929 Missa
875 3867 1022 3929 eiusdem
1041 3865 1126 3931 serie.

332 3988 365 4058 (Ι
389 3981 550 4055 Sabbato,
567 3980 608 4041 de
625 3989 741 4042 sancta
759 3980 874 4042 Maria.

331 4100 365 4170 (Ι
389 4094 455 4156 Vbi
472 4092 556 4156 fiunt
572 4101 637 4154 tres
653 4092 994 4167 commemoratione5‚
1013 4092 1051 4154 ln
1068 4092 1115 4155 .vi.
1134 4091 1212 4155 seria
1235 4092 1293 4157 fiat
1316 4114 1381 4156 vna
1404 4115 1498 4158 com·

290 4181 493 4245 memoratio.

323 4378 331 4409 ¹
348 4388 435 4430 cantus
446 4394 535 4443 super:
553 4379 609 4427 add.
624 4389 665 4439 97,
677 4390 718 4426 ot.
948 4374 959 4405 ²
975 4377 1129 4426 celebratur:
1147 4388 1188 4439 97,
1201 4391 1241 4428 01.

321 4442 332 4474 ⁸
349 4444 475 4494 Cathedm
487 4444 512 4494 S.
529 4443 602 4492 Petri.
951 4439 963 4472 ⁴
979 4442 1109 4506 vigilium:
1127 4453 1166 4503 97.

322 4507 332 4539 ³
349 4519 373 4559 et
385 4521 466 4560 cetera
477 4509 509 4559 de
520 4508 662 4559 communi:
680 4509 736 4557 add.
751 4519 792 4570 97,
804 4521 844 4557 01.
954 4504 965 4536 ⁰
981 4507 1150 4557 decommum
1161 4527 1168 4567 3
1187 4510 1242 4559 add.
1257 4520 1298 4571 97,
1310 4522 1352 4559 01.
