3372 5224
709 473 873 526 serron
889 474 924 522 A.
1375 477 1421 534 115

256 631 291 702 {I
314 623 473 699 Sabbato,
497 625 540 687 de
562 633 678 689 sancta
704 626 837 704 Maria¹;
858 625 949 707 kyrie
976 624 1192 707 Omnipotens,
1217 623 1366 706 Spin'tus
1390 633 1423 686 et

213 710 307 788 alem,
324 720 358 774 et
371 710 564 774 Benedictus
580 712 695 775 Μανία
703 713 810 795 filius.
856 712 914 775 Ad
938 732 1102 795 vesperae
1127 712 1236 796 primo
1260 710 1421 774 memoria

216 797 257 861 de
280 798 429 862 octauis:
448 799 570 862 deinde
591 800 634 862 de
653 810 771 863 sancta
787 800 904 862 Maria„
948 799 1015 862 Vbi
1032 799 1115 863 fiunt
1130 810 1198 863 tres
1217 818 1421 862 commemo·

216 884 368 959 rationes,
388 885 426 947 ln
443 886 483 948 .ii.
505 885 586 948 seria
608 886 667 950 fiat
688 906 754 950 vna
774 885 1081 951 commemoratio².
1104 896 1138 950 et
1158 884 1418 967 Responsorium

215 968 339 1035 ³seriale
354 973 624 1054 pretermittamr.
671 974 718 1037 Et
734 974 836 1037 missa
852 972 956 1037 Salus
963 973 1079 1056 populi
1092 973 1214 1036 dicitur
1229 971 1308 1035 seria
1323 971 1386 1035 .vi.³

386 1099 421 1170 (Ι
444 1093 572 1157 Littera
601 1094 809 1157 dominicalis
838 1095 882 1168 A,
909 1096 1042 1178 quarto⁴
1071 1093 1190 1156 Nonas
1213 1091 1417 1167 Decembris,

386 1188 459 1243 tota
473 1190 625 1245 cantetur
638 1180 775 1245 historia
789 1181 966 1263 Aspiciens.

254 1304 288 1375 (Ι
311 1299 408 1363 Feria
430 1302 484 1364 .ii.⁸
505 1304 548 1366 de
569 1314 687 1367 sancto
711 1302 911 1381 Osmund03
933 1304 978 1366 ix.
1002 1301 1161 1365 lectiones
1177 1301 1279 1379 fiant;
1303 1300 1417 1363 omnia

211 1382 255 1447 de
269 1389 439 1450 communi
454 1390 550 1452 vnius
566 1389 763 1453 confessoris
778 1400 813 1453 et
829 1390 1003 1473 pontificis.

214 1140 283 1195 Dec.
297 1140 335 1213 5]

254 1512 288 1583 (Ι
311 1507 408 1571 Feria
423 1510 475 1574 .iii.
492 1532 530 1574 .ν.
546 1520 580 1574 et
595 1511 746 1587 sabbato,
763 1511 806 1574 de
821 1510 1221 1573 commemorationibus.⁵

212 1733 333 1778 nouem
350 1715 518 1793 lectiones,
534 1729 569 1781 et
585 1718 746 1781 memoria
761 1719 803 1780 de
819 1719 970 1781 octauis.⁶

252 1841 287 1912 (Ι
310 1837 407 1899 Feria
421 1838 472 1900 .vi.
489 1838 675 1921 Conceptio
690 1839 788 1901 beate
813 1839 927 1915 Marie,
950 1838 1059 1901 minus
1081 1837 1230 1921 duplex:
1253 1837 1414 1900 memoria

210 1921 253 1984 de
277 1922 438 1987 Aduentu
461 1926 649 2001 solenniter,
668 1935 702 1990 et
726 1927 894 2009 processio
919 1934 998 1989 ante
1022 1926 1167 1989 missam.
1214 1926 1253 1988 ln
1276 1923 1413 1987 introitu

209 2007 509 2159 ξὲιῐιιιῖιιίὧιιιιιιίρὶιοιιιι
527 2013 710 2093 conceptu!
754 2012 812 2077 Ad
836 2033 1000 2095 vesperas,
1017 2012 1178 2075 memoria
1193 2013 1236 2077 de
1251 2012 1413 2075 Aduentu

252 2233 286 2303 (Ι
309 2216 469 2295 Sabbat0‚
498 2220 541 2282 de
571 2228 688 2283 sancta
719 2220 850 2283 Maria.⁸
903 2218 971 2283 Vbi
1002 2217 1087 2282 fiunt
1116 2229 1182 2283 tres
1209 2237 1413 2282 commemo

210 2305 362 2378 rationes,
376 2307 407 2368 in
419 2305 576 2370 .iii.⁹feria
591 2307 650 2371 fiat
665 2309 757 2370 vna¹⁰
768 2306 1078 2370 εοιιιιιιιιιιιοιειῐίο)1
1126 2306 1172 2370 Et
1187 2314 1267 2369 tunc
1277 2325 1418 2388 respon·.

209 2392 295 2453 soria
311 2392 438 2456 ferialia
455 2393 512 2456 illo
527 2415 616 2457 anno
632 2394 927 2477 pretermittantur.

382 2519 417 2590 {I
441 2514 618 2578 Dominica
640 2514 679 2577 .ii.
705 2514 883 2577 Aduentus
910 2512 1058 2588 Domini,
1074 2521 1146 2577 tota
1170 2522 1322 2577 cantetur
1345 2513 1412 2576 his-

383 2601 468 2664 toria
482 2601 699 2665 dominicalis.

249 2731 284 2802 (Ι
307 2722 405 2785 Feria
420 2722 459 2784 .ii.
476 2722 517 2784 de
534 2721 630 2785 seriis.
677 2721 903 2805 Responsoria
912 2721 955 2783 de
970 2720 1079 2803 primo
1088 2729 1258 2785 nocturno
1306 2722 1411 2785 Missa

209 2811 311 2875 Salus
321 2809 441 2891 populi.

248 2938 282 3009 (Ι
305 2928 402 2994 Feria
416 2929 468 2992 .iii.
484 2928 527 2992 de
542 2928 627 2993 festo
643 2928 714 2992 loci.

209 2559 278 2616 Dec.
294 2562 348 2635 1o.]

204 3140 294 3202 tione
309 3136 510 3221 euangelii.¹²

247 3266 281 3337 (Ι
305 3259 403 3322 Feria
426 3280 464 3321 .v.
488 3257 531 3319 de
554 3256 651 3333 seriis,
672 3253 877 3319 ¹³versiculus
891 3269 926 3319 et
948 3256 1174 3337 Responsoria
1196 3258 1239 3320 de
1260 3259 1406 3322 secundo

204 3357 374 3410 nocturno.
420 3345 525 3407 Missa
539 3354 656 3426 quarte
671 3343 757 3407 ferie.

246 3472 280 3542 ΙΙ
303 3467 400 3530 Feria
425 3466 475 3528 .vi.
500 3464 541 3527 de
566 3463 690 3527 seria¹⁸z
716 3463 896 3526 versiculus
922 3471 956 3525 et
973 3463 1223 3546 Responsoria¹⁴
1238 3466 1281 3528 de
1302 3467 1405 3529 tercio

205 3552 404 3617 nocturno.¹⁴
448 3552 517 3615 Vbi
533 3550 618 3615 fiunt
634 3552 687 3614 .iii.
704 3550 1048 3628 commemorationes,
1065 3551 1153 3613 inii.
1170 3551 1250 3614 feria
1267 3551 1325 3616 fiat
1339 3573 1405 3616 vna

235 3729 244 3761 ¹
260 3740 347 3781 cantus
358 3747 447 3795 super:
464 3732 520 3779 add.
535 3740 576 3792 97,
588 3743 630 3789 οι,
642 3729 682 3778 08.
880 3725 893 3757 ²
907 3728 1130 3778 commemomtioz
1146 3746 1194 3778 em.
1208 3728 1249 3790 87,
1262 3727 1302 3779 88.

233 3794 287 3832 ⁸-³
302 3795 609 3861 lerialepretermittatur:
626 3793 667 3856 87,
683 3793 723 3843 88.
882 3792 963 3843 ‘iiix
982 3792 1022 3855 87,
1036 3793 1075 3843 88.
1111 3793 1175 3844 iliez
1192 3805 1234 3855 97,
1245 3808 1286 3844 01.
1299 3795 1339 3844 08.

233 3859 287 3898 ⁵-⁸
302 3861 335 3911 de
356 3860 425 3910 serit
473 3858 666 3925 Responsorium
692 3860 823 3924 Aspiciens
845 3875 902 3908 cum
931 3859 1028 3908 duobus
1052 3858 1200 3919 ferialibus3
1229 3860 1348 3909 memoria
1369 3861 1403 3912 de

200 3926 296 3976 octenis
305 3936 330 3977 el
341 3926 390 3975 alie
401 3935 517 3975 consuete
534 3942 579 3990 pro
589 3925 716 3975 Aduentu
753 3924 826 3973 Feria
837 3924 871 3972 iii.
885 3923 917 3972 de
928 3923 992 3973 festo
1008 3924 1056 3972 loci
1073 3934 1099 3973 et
1115 3925 1235 3974 memoria
1245 3925 1278 3975 de
1289 3925 1402 3978 ocrauis=

199 3990 332 4106 87³3lilerio
353 4073 377 4106 v.
402 4055 434 4106 de
457 4055 552 4105 octauis
575 4093 581 4104 .
607 4055 641 4104 iri
667 4054 796 4129 leodorico:
845 4053 1019 4128 Inuilalorium
1035 4052 1129 4118 duplex
1151 4091 1158 4103 .
1184 4071 1240 4104 eum
1257 4055 1401 4120 antiphonis

200 4121 278 4185 prime
297 4121 358 4179 diei,
378 4138 436 4171 cum
451 4120 572 4170 versiculo
588 4131 614 4170 et
631 4121 806 4185 Responsoms
822 4119 854 4168 de
871 4134 952 4182 primo
968 4126 1098 4177 nocturno,
1116 4128 1142 4168 et
1158 4135 1215 4169 cum
1232 4121 1401 4185 Responsorio

207 4186 255 4234 Vir
264 4189 325 4237 iste:
342 4188 398 4235 add.
418 4185 458 4247 87,
472 4185 512 4234 88.
861 4181 872 4215 '¹
889 4183 927 4233 Cl.
945 4183 1021 4232 Crede
1032 4184 1140 4243 Michig
1154 4197 1208 4247 130,
1221 4200 1245 4249 p.
1260 4185 1299 4245 67.

231 4250 242 4282 ⁸
258 4267 302 4316 per
318 4251 435 4301 hebdom.
471 4250 657 4315 conceptionis,
675 4248 836 4298 nihilominus
852 4248 895 4297 fiat
913 4249 1013 4312 plenum
1030 4248 1158 4298 seruitium
1180 4249 1212 4299 de
1229 4249 1255 4300 S.
1275 4251 1357 4300 Maria
1374 4251 1400 4301 in

198 4315 249 4365 alia
260 4316 321 4365 seria
331 4316 441 4366 eiusdem
453 4316 619 4366 hebdomade.
655 4316 757 4377 Defens.
771 4315 866 4362 Direct.
880 4330 902 4362 c
916 4326 958 4373 409
971 4329 996 4378 P·
1014 4325 1050 4374 14.

231 4379 303 4432 ’ii.:
320 4381 361 4443 87,
374 4380 413 4431 88.
868 4376 888 4407 ¹⁰
904 4394 969 4427 vua:
986 4395 1033 4427 one.
1047 4388 1089 4441 97,
1101 4391 1142 4428 01.

232 4444 250 4476 ¹¹
267 4446 487 4497 commemoratio:
504 4464 551 4495 orn,
564 4445 605 4496 08.
869 4441 889 4473 ¹²
905 4443 1046 4507 euangelii:
1063 4461 1110 4493 ene.
1124 4442 1164 4506 87.
1176 4442 1215 4494 88.

231 4509 304 4549 ¹³-¹³
319 4528 367 4561 om.
381 4531 388 4562 z
405 4525 446 4574 97,
458 4525 500 4572 οι,
512 4511 552 4561 08.
871 4506 945 4545 ¹⁴—¹⁴
960 4525 1026 4559 inm:
1043 4508 1085 4570 87,
1098 4507 1137 4559 88.

1213 4590 1269 4639 12
