3372 5224
280 475 326 539 136
565 491 571 501 ·
594 472 870 524 DIRECTORIUM
885 472 1152 524 SACERDOTUM.

320 633 354 703 (Ι
377 625 473 690 Feria
497 647 534 689 .v.
555 625 626 689 dies
654 625 870 689 Ascensionis
894 624 1040 702 Domini,
1065 626 1186 690 festum
1217 623 1417 708 principale:
1444 634 1478 689 et

278 713 358 777 nihil
374 715 416 777 de
432 712 525 776 sestis
539 713 638 776 trium
656 712 845 777 lectionum.

320 840 354 910 (Ι
377 833 474 897 Feria
489 832 539 896 .v'a
554 832 596 895 de
611 832 747 896 octauis

321 960 355 1030 (Ι
379 953 539 1029 sabbato,
554 951 597 1014 de
612 951 750 1015 seruicio
765 960 967 1016 octauarum.

453 1077 487 1149 (Ι
509 1071 686 1136 Dominica
702 1070 786 1135 inira
800 1080 935 1134 octauas
951 1071 1175 1148 Ascensionis,
1191 1081 1300 1137 totum
1316 1073 1359 1136 de
1374 1071 1480 1135 domi·

280 1123 349 1192 May
364 1119 417 1193 ¹⁵¹]
456 1159 537 1236 nica,
554 1167 588 1222 et
596 1150 762 1222 'memoria
777 1159 820 1222 de
835 1158 982 1222 octauis.¹

322 1285 356 1355 (Ι
379 1278 477 1341 Feria
491 1279 531 1341 .ii.
547 1277 597 1341 ,iii
612 1286 647 1341 et
661 1278 723 1341 iiii.
739 1278 782 1341 de
797 1278 935 1341 seruicio
949 1288 1077 1342 octaue.

322 1404 356 1474 (Ι
380 1398 476 1461 Feria
499 1420 535 1460 .v.
555 1399 598 1461 de
618 1398 753 1461 octauis.
800 1398 1033 1462 Inuitatorium
1051 1397 1182 1480 triplex,
1199 1408 1233 1462 et
1256 1399 1417 1461 memoria
1439 1400 1482 1462 de

280 1496 396 1548 sancta
418 1486 628 1549 Potenciana.
674 1483 841 1548 Secunde²
868 1505 1003 1568 vespere
1025 1495 1122 1549 erunt
1143 1485 1186 1549 de
1205 1485 1333 1550 octauis
1355 1495 1389 1549 et
1414 1506 1482 1548 me·

281 1572 385 1635 moria
401 1571 444 1635 de
460 1582 578 1635 sancto
595 1571 782 1634 Dunstan0.

307 1698 356 1768 (Ι
381 1693 477 1755 Feria
489 1692 539 1754 .vi.
548 1692 591 1754 de
605 1700 722 1755 sancto
739 1691 926 1766 Dunstano,
937 1699 971 1754 et
987 1690 1078 1754 nulla
1093 1691 1253 1756 memoria
1263 1691 1306 1754 ad
1324 1691 1483 1754 missam.⁸

280 1779 337 1842 Ad
355 1781 490 1843 missam
507 1778 689 1842 secundum
705 1778 846 1841 alleluiu.
892 1777 1082 1841 Versiculos
1097 1777 1175 1840 Non
1191 1778 1380 1860 relinquam.

322 1905 356 1977 ss
380 1898 539 1976 Sabbato‚
554 1898 597 1961 de
612 1898 746 1981 vigilia⁴

454 2024 488 2094 (Ι
513 2018 552 2081 In
569 2017 623 2081 die
639 2018 875 2081 Penthecostes
891 2017 936 2080 Et
959 2036 1018 2098 per
1038 2015 1295 2094 hebdomadam,
1310 2027 1418 2082 totum
1441 2018 1484 2081 de

280 2070 350 2138 May
362 2064 417 2139 η’]
456 2103 654 2169 solennitate
669 2103 753 2179 festi,
770 2114 804 2168 et
819 2103 899 2167 nihil
915 2103 958 2166 de
972 2113 1089 2168 sancto
1105 2103 1272 2168 Aldelmo.

323 2231 357 2301 (Ι
381 2225 518 2287 Festum
539 2224 644 2287 sancti
665 2223 847 2306 Augustini
867 2222 1040 2286 differatur
1059 2223 1092 2285 in
1115 2225 1250 2287 terciam
1271 2223 1387 2288 seriam
1407 2232 1483 2306 post

282 2310 402 2374 festum
427 2312 549 2376 Sancte
572 2310 753 2374 Trinitatis.
808 2309 910 2373 Nulla
932 2310 1099 2373 dominica
1117 2310 1289 2374 differatur
1305 2311 1369 2374 isto
1384 2330 1482 2385 anno,

281 2399 360 2481 quia
375 2408 509 2481 tempus
531 2397 650 2481 equale
673 2407 732 2461 est.
780 2396 881 2460 Nulla
894 2396 952 2461 fiat
972 2397 1132 2460 memoria
1148 2398 1191 2461 de
1208 2398 1334 2464 Sancto
1357 2397 1482 2480 Spiritu

281 2505 340 2567 per
355 2484 611 2561 hebdomadam,
628 2486 670 2548 ad
687 2504 840 2567 vesperas
862 2493 896 2547 et
918 2484 961 2547 ad
984 2484 1163 2547 matutinas
1178 2495 1292 2549 sancte
1310 2485 1424 2548 Marie.

324 2610 358 2682 (Ι
381 2605 435 2669 De
447 2603 540 2667 festis
551 2604 603 2667 .iii.
615 2603 794 2668 lectionum
810 2603 869 2667 fiat
884 2602 1051 2680 memoria,
1064 2604 1148 2666 sicut
1163 2625 1222 2687 per
1237 2603 1483 2669 hebdomadam

281 2692 393 2768 Pasce,
409 2692 465 2755 ada
480 2711 635 2773 vesperas
650 2701 684 2755 et
698 2691 742 2754 ad
758 2691 938 2755 matutinas
954 2692 1050 2754 beate
1067 2690 1179 2754 Marie

283 2863 353 2931 May
365 2857 421 2931 29]
456 2817 490 2887 (l
515 2811 553 2874 ln
586 2810 642 2874 die
671 2810 852 2911 Trinitatis,
878 2821 987 2874 totum
1002 2811 1061 2910 ‘de
1090 2809 1183 2874 festo.
1239 2810 1400 2894 Quotidie
1426 2831 1486 2892 per

282 3004 386 3066 peras,
403 2897 769 3049 melmegiffifflggoass
771 2918 924 3068 prppplrpt
926 2985 935 3046 i
938 2900 1124 3047 121111l⁶tlphona
1150 2897 1294 2962 Obeata.
1340 2898 1397 2962 Ad
1413 2918 1486 2962 ves·

325 3108 359 3180 ss
383 3103 479 3167 Feria
494 3104 534 3167 ri.
550 3105 593 3168 de
608 3103 693 3167 festo
709 3102 780 3178 loci,
796 3113 830 3168 et
845 3104 1005 3167 memoria
1019 3105 1062 3168 de
1077 3103 1211 3168 octauis.

325 3230 359 3300 (Ι
383 3224 480 3287 Feria
508 3224 560 3287 ,iii
591 3224 633 3286 de
661 3232 779 3287 sancto
809 3223 1009 3306 Augustino,
1044 3223 1184 3287 inferius
1217 3224 1353 3308 duplex.
1413 3222 1486 3289 Sub

282 3311 416 3374 silentio
436 3310 495 3375 fiat
515 3311 676 3375 memoria
694 3310 738 3372 de
760 3321 876 3373 sancta
896 3310 1082 3388 Petronilla,
1103 3322 1137 3374 et
1152 3312 1194 3375 de
1210 3311 1382 3375 Trinitate.
1426 3311 1483 3375 Ad

283 3398 446 3475 secundas
479 3418 633 3481 vesperas
660 3397 844 3480 antiphona
876 3397 947 3460 Sub
973 3407 1065 3460 tuam
1095 3398 1295 3462 solenniter:
1327 3399 1386 3462 sed
1418 3418 1485 3461 me-

284 3485 401 3549 morial
416 3486 459 3548 de
474 3493 590 3549 sancto
607 3483 822 3557 Nichomede,
839 3493 873 3547 et
888 3484 931 3547 de
946 3483 1110 3548 Trinitate
1125 3485 1290 3568 priuatim.

326 3730 360 3802 (Ι
384 3726 480 3787 Feria
510 3747 547 3788 .v.
572 3724 692 3788 festum
716 3723 872 3808 Corporis
896 3723 1028 3800 Christi,
1050 3725 1157 3788 maius
1177 3724 1325 3809 duplex:
1349 3734 1382 3789 et
1405 3724 1485 3788 nihil

284 3810 326 3874 de
343 3812 544 3893 martyribus
568 3810 740 3875 Marcello⁸
754 3822 789 3874 et
812 3811 918 3874 Petro
977 3810 1035 3873 Ad
1069 3812 1231 3876 secundas
1257 3832 1413 3896 vesperas
1435 3813 1485 3876 di·

284 3909 403 3962 cuntur
424 3899 552 3981 psalmi,
576 3899 729 3980 hymnus,
757 3908 791 3962 et
820 3898 1001 3962 versiculus
1022 3898 1108 3962 sicut
1137 3899 1171 3962 in
1193 3899 1308 3982 primis
1330 3900 1485 3983 vesperis.

316 4183 325 4215 ¹
342 4184 385 4235 Ad
402 4185 418 4235 i.
432 4200 547 4251 vesperas
561 4185 635 4262 ‘nullu
653 4184 696 4234 fiat
711 4183 840 4261 memoria,
859 4199 940 4249 neque
959 4183 1093 4249 p'rocossio.
1129 4180 1392 4260 †1ldmamunas[et]
1407 4185 1441 4236 ud
1457 4185 1484 4236 ii.

283 4251 458 4368 νεξρὲεἳξὲξ
464 4249 800 4377 prpzprgrpdgegrlscensrooe.
836 4249 911 4299 Brev.
925 4250 986 4344 Suri
997 4248 1228 4365 &imvm
1242 4312 1284 4375 87,
1297 4313 1337 4364 8&
1454 4312 1457 4317 y

315 4379 327 4411 ⁴
344 4380 455 4432 Subbnto
465 4381 497 4431 de
509 4380 613 4496 ugho:
629 4397 676 4430 om.
690 4378 732 4443 87,
745 4377 795 4430 88:
813 4379 1002 4440 (Pentecostes).

316 4444 327 4476 ⁵
342 4446 392 4496 ud:
408 4463 455 4496 om.
470 4445 510 4507 87,
979 4442 991 4474 ⁸
1006 4442 1140 4494 solenniter
1145 4444 1190 4505 sor
1200 4443 1317 4510 priuatim
1331 4463 1338 4495 ε
1355 4455 1397 4508 97,
1410 4457 1451 4494 or.

316 4510 327 4543 ⁷
343 4510 425 4576 primo
435 4511 514 4576 before
524 4510 660 4562 memoria:
677 4518 719 4573 97,
731 4522 771 4559 οι.
809 4509 947 4561 Marcello:
964 4509 1011 4559 hu.
1026 4507 1182 4559 Marcellino.
