3316 5220
515 480 708 543 QUARTUJI
720 482 755 530 D.
790 483 857 530 avii.
871 483 908 531 ix.
922 483 958 531 vi.
973 484 991 531 i.
1317 497 1365 548 3⁰3

193 641 230 712 (Ι
254 635 351 699 Feria
365 635 415 699 .vi.
430 636 474 699 de
490 634 578 699 seria
624 633 672 698 Et
687 635 914 717 Responsoria
929 634 1055 698 ferialia
1068 635 1244 700 dicuntur.l

195 762 231 832 (Ι
254 753 415 832 Sabbato,
430 755 475 818 de
490 763 608 819 sancta
625 754 742 831 Maria,
758 765 793 818 et
808 756 970 819 memoria
984 757 1027 819 de
1043 764 1161 819 sancto
1174 755 1364 821 Valentino,

195 865 230 935 (Ι
252 856 321 923 Vbi
358 856 443 922 liunt
480 869 547 922 tres
583 858 927 935 commemorationes
965 859 997 923 in
1028 860 1068 924 .ii.
1100 860 1181 924 seria
1211 858 1271 924 fiat
1300 880 1366 924 vna

149 945 437 1009 commemoratio,

155 1081 222 1135 l'eb.
239 1075 293 1148 15.]
326 1071 362 1141 (Ι
383 1066 577 1130 ²Dominica
592 1067 626 1129 in
643 1065 873 1150 Sexagesima,
889 1077 998 1132 totum
1014 1069 1058 1132 de
1072 1067 1248 1132 dominica.

195 1195 231 1265 (Ι
254 1189 351 1253 Feria
366 1187 406 1251 ii.
421 1187 464 1250 de
479 1195 598 1250 sancto
614 1185 766 1250 Iuliano:
789 1195 856 1250 tres
872 1186 1032 1251 lectiones
1047 1207 1123 1251 cum
1140 1196 1311 1252 nocturno.

196 1316 231 1386 (Ι
254 1309 352 1373 Feria
366 1308 417 1372 iii.
433 1307 477 1370 de
493 1306 580 1370 seria.
627 1303 747 1369 Missa³
763 1306 866 1371 Salus
872 1307 992 1390 populi:

106 1484 111 1491 .
195 1436 230 1506 (Ι
255 1430 353 1494 Feria
367 1429 430 1493 ‚iiii
446 1429 489 1490 de
504 1425 592 1491 seria
638 1426 794 1510 Epistola
808 1436 843 1491 et
858 1427 1071 1510 euangelium
1087 1428 1237 1492 eiusdem
1254 1427 1340 1493 serie.

195 1556 231 1626 (Ι
254 1550 351 1613 Feria
366 1570 404 1613 .v.
420 1546 463 1611 de
477 1547 566 1610 sesto
581 1546 653 1610 loci.

195 1676 230 1746 (Ι
254 1670 352 1733 Feria
366 1667 416 1732 .vi.
431 1668 474 1731 de
489 1665 578 1730 t'eria
624 1666 730 1730 Missa
744 1667 788 1729 de
803 1668 921 1731 eadem
938 1666 1026 1731 feria.

196 1795 232 1865 (Ι
255 1787 416 1865 Sabbato‚
431 1787 476 1851 de
489 1797 607 1851 sancta
623 1786 739 1852 Maria

196 1914 231 1984 (Ι
251 1907 319 1972 Vbi
350 1906 434 1971 fiunt
463 1915 532 1970 tres
569 1906 914 1983 commemorationes,
954 1907 986 1968 in
1017 1908 1068 1971 ‚iii
1100 1908 1181 1970 seria
1211 1906 1270 1971 fiat
1300 1928 1367 1971 vna

151 1994 436 2060 commemoratio.

157 2129 225 2183 Feb.
241 2124 296 2197 η]
330 2121 365 2191 (Ι
388 2114 568 2179 Dominica
583 2114 617 2177 in
632 2113 671 2191 .1.‚
686 2121 796 2178 totum
812 2116 856 2178 de
870 2115 1046 2179 dominica

154 2325 165 2387 1
197 2243 232 2313 (Ι
255 2236 349 2300 Feria
385 2235 424 2300 ii.
461 2236 505 2298 de
548 2243 666 2298 sancto
704 2234 825 2308 Petro‚⁴
861 2234 1095 2299 Inuitatorium
1131 2234 1275 2319 triplex:
1320 2236 1367 2301 ix.

168 2326 322 2389 ectiones.

198 2452 233 2522 (Ι
254 2445 365 2508 ⁵Feria
394 2445 446 2508 ‚iii
476 2442 520 2507 de
548 2452 665 2507 sancto
697 2442 837 2521 Mathia,
869 2441 1009 2506 lnt'erius
1035 2442 1171 2527 duplex.
1216 2444 1367 2526 Vespere

153 2542 253 2597 crunt
267 2533 311 2595 de
326 2531 422 2608 sesto,
436 2530 509 2593 sine
523 2531 635 2612 aliqua
651 2531 818 2594 memoria

198 2658 233 2728 (Ι
258 2652 297 2716 ln
313 2671 403 2715 anno
417 2650 575 2725 bisextili‚
587 2650 646 2715 liat
657 2651 832 2715 seruicium
848 2652 893 2714 de
907 2660 1024 2714 sancto
1041 2650 1172 2715 Mathia
1182 2651 1214 2714 in
1225 2673 1262 2716 .v.
1276 2650 1366 2730 seria,

156 2740 203 2805 Et
218 2740 252 2802 in
267 2740 318 2804 ,iii
330 2738 413 2803 t'eria
426 2736 486 2802 liat
500 2738 775 2802 commemoratio
790 2739 887 2803 beate
904 2739 1017 2801 Marie.

198 2866 233 2936 (Ι
256 2858 303 2924 Et
332 2870 412 2923 tunc
443 2859 487 2923 ab
509 2857 572 2923 hac
597 2858 661 2935 die,
687 2879 794 2942 vsque
817 2860 859 2922 ad
888 2859 1112 2942 inceptionem
1143 2857 1280 2922 historie
1309 2858 1367 2940 (In

148 2947 334 3029 principio),
371 2946 552 3028 accipiatur
596 2945 734 3009 tercium
771 2944 805 3022 C,
843 2966 904 3028 pro
940 2944 1052 3009 littera
1088 2945 1290 3023 dominicali,
1331 2955 1366 3009 et

155 3033 329 3097 inchoetur
343 3034 386 3096 ad
402 3033 546 3116 primam
561 3033 765 3097 dominicam
780 3032 1043 3115 quadragesime.
1127 3090 1134 3101 .

198 3159 233 3229 (Ι
255 3154 353 3217 Feria
367 3153 429 3217 iiii.
446 3152 480 3215 in
495 3151 606 3236 capite
621 3152 743 3229 ieiunii,
757 3152 802 3215 de
817 3152 905 3218 seria

198 3279 233 3349 (Ι
255 3273 290 3338 Α
301 3274 365 3337 iiii.
382 3273 463 3337 seria
478 3274 511 3336 in
527 3273 638 3357 capite
653 3272 774 3349 ieiunii,
789 3294 895 3356 vsque
910 3276 954 3338 ad
968 3274 1172 3337 dominicam
1190 3272 1238 3355 (in
1255 3272 1368 3353 albis),

156 3360 238 3424 nihil
254 3359 314 3424 liat
338 3362 381 3424 de
404 3360 496 3424 lestis
514 3361 616 3424 trium
632 3360 823 3438 lectionum,
837 3362 900 3424 uisi
916 3362 1077 3425 memoria
1093 3361 1135 3423 ad
1160 3379 1316 3444 vesperas
1331 3371 1365 3425 et

156 3449 339 3511 matutinas
351 3447 449 3511 beate
459 3447 604 3530 virginis.

189 3620 197 3650 ¹
215 3620 346 3671 dicautur:
363 3620 404 3670 88.

187 3685 200 3715 ²
215 3687 262 3736 We
280 3703 328 3736 oan
347 3687 406 3736 here
425 3702 543 3751 compare
562 3686 605 3735 the
622 3685 709 3735 earlier
730 3689 748 3712 “
759 3686 834 3751 Pye”
853 3687 883 3736 ol
898 3687 1006 3747 Carion,
1026 3687 1056 3737 of
1069 3687 1151 3737 which
1170 3687 1307 3752 fragments
1322 3703 1365 3736 are

156 3761 244 3802 extant
255 3750 281 3801 in
293 3753 336 3802 the
348 3751 441 3802 British
453 3752 579 3809 Muscam,
592 3751 621 3802 C.
635 3764 677 3811 4ο,
690 3752 707 3800 l
725 3764 735 3799 1
749 3755 817 3811 (mn.
835 3754 918 3813 1477.)
952 3753 989 3802 Its
999 3753 1098 3817 symbol
1110 3752 1131 3801 is
1143 3764 1182 3813 77.

222 3813 280 3888 “ff
296 3817 431 3867 Dominioa
452 3816 479 3865 in
502 3818 539 3866 lx·
559 3819 591 3865 de
614 3815 715 3865 seruitio
736 3816 889 3867 dominicali.
927 3818 999 3867 Feria
1020 3835 1044 3867 v.
1069 3827 1096 3868 et
1117 3818 1223 3866 sabbato
1240 3817 1273 3867 de
1292 3832 1360 3867 com-

289 3884 521 3962 memomcionihus.
576 3884 603 3934 Si
625 3884 717 3934 fuerint
744 3884 769 3949 iij
798 3886 1059 3945 commemomciones,
1080 3886 1106 3935 in
1126 3886 1152 3951 iij
1171 3885 1233 3935 feria
1252 3885 1298 3935 frat
1316 3900 1367 3934 vna

287 3950 523 4001 commemoramo.”

190 4018 202 4047 ³
217 4025 243 4065 et
254 4016 346 4066 missa:
364 4015 406 4076 87,
418 4014 459 4065 88.

191 4084 201 4113 ⁴
218 4080 255 4131 St.
270 4081 363 4131 Peter's
373 4080 450 4131 chair.
486 4080 550 4130 This
560 4079 657 4130 festival
668 4079 690 4129 is
701 4079 850 4129 transferred
860 4080 921 4129 here
932 4080 995 4130 from
1007 4082 1050 4131 the
1061 4081 1196 4146 preceding
1207 4081 1265 4146 day.

190 4142 399 4217 '’ffDominiea
421 4146 447 4196 in
468 4144 683 4212 quinquagesima,
695 4145 728 4195 de
744 4144 849 4195 seruicio
864 4145 1008 4196 dominicali
1018 4165 1027 4207 ;
1044 4156 1070 4196 et
1086 4146 1175 4196 festum
1193 4146 1273 4197 sancti
1299 4145 1365 4196 Petri

291 4216 419 4266 differatur
430 4215 456 4265 in
467 4215 611 4266 erastinum.

225 4281 298 4331 Feria
308 4281 343 4346 iij.
356 4282 388 4330 de
399 4290 487 4331 sancto
499 4280 606 4339 Mathia,
618 4288 644 4329 et
655 4280 680 4329 in
691 4280 797 4329 sabbato
807 4278 921 4329 dieantur
932 4281 1088 4345 responsoria
1098 4281 1201 4330 ferialia.

226 4348 257 4396 ln
273 4363 341 4396 anuo
357 4346 464 4396 bisextili
482 4346 526 4396 fiat
536 4344 666 4396 seruicium
677 4344 710 4394 de
721 4354 808 4395 sancto
820 4345 918 4395 Mathia
930 4345 954 4394 in
966 4363 990 4395 v.
1004 4346 1084 4399 feriat
1101 4356 1126 4395 et
1141 4346 1167 4395 in
1179 4346 1239 4408 [tit]
1250 4346 1311 4396 feria
1322 4346 1365 4395 fiet

289 4412 498 4461 commemoracio
514 4412 588 4461 beate
605 4410 689 4460 marie
728 4411 761 4459 Et
771 4410 805 4459 ab
815 4410 863 4459 hac
875 4410 938 4472 [die]
949 4427 1025 4476 usque
1036 4411 1069 4461 ad
1081 4411 1253 4476 incepcionem
1264 4411 1366 4461 historie

290 4477 477 4540 luprinlctpio]
485 4476 629 4541 Accipietur
637 4475 672 4540 iij,
682 4475 711 4525 C.
722 4491 768 4541 pro
775 4474 857 4525 littera
864 4475 1015 4525 dominicali.
1026 4487 1052 4526 et
1061 4476 1250 4538 inch[oetur]ad
1257 4476 1364 4542 primam

290 4540 441 4592 dominicam
452 4543 497 4592 xl‘z
534 4552 573 4603 77.
