<?xml version="1.0" encoding="UTF-8"?>
<!DOCTYPE html PUBLIC "-//W3C//DTD XHTML 1.0 Transitional//EN"
    "http://www.w3.org/TR/xhtml1/DTD/xhtml1-transitional.dtd">
<html xmlns="http://www.w3.org/1999/xhtml" xml:lang="en" lang="en">
 <head>
  <title>
</title>
<meta http-equiv="Content-Type" content="text/html;charset=utf-8" />
  <meta name='ocr-system' content='tesseract 3.04.00' />
  <meta name='ocr-capabilities' content='ocr_page ocr_carea ocr_par ocr_line ocrx_word'/>
</head>
<body>
  <div class='ocr_page' id='page_1' title='image "./ordinalesarvmsi00cathgoog_0442.png"; bbox 0 0 3316 5220; ppageno 0'>
   <div class='ocr_carea' id='block_1_1' title="bbox 439 451 1342 515">
    <p class='ocr_par' dir='ltr' id='par_1_1' title="bbox 439 451 1342 515">
     <span class='ocr_line' id='line_1_1' title="bbox 439 451 1342 515; baseline -0.014 -9"><span class='ocrx_word' id='word_1_1' title='bbox 439 453 623 515; x_wconf 77' lang='lat' dir='ltr'>oomron</span> <span class='ocrx_word' id='word_1_2' title='bbox 640 454 675 503; x_wconf 88' lang='lat' dir='ltr'>o.</span> <span class='ocrx_word' id='word_1_3' title='bbox 709 453 766 501; x_wconf 68' lang='lat' dir='ltr'>xo.</span> <span class='ocrx_word' id='word_1_4' title='bbox 779 453 818 501; x_wconf 54' lang='grc' dir='ltr'>χιι</span> <span class='ocrx_word' id='word_1_5' title='bbox 832 452 890 500; x_wconf 74' lang='lat' dir='ltr'>vm.</span> <span class='ocrx_word' id='word_1_6' title='bbox 905 451 945 500; x_wconf 70' lang='lat' dir='ltr'>rit.</span> <span class='ocrx_word' id='word_1_7' title='bbox 958 451 1031 500; x_wconf 68' lang='lat' dir='ltr'>xisti.</span> <span class='ocrx_word' id='word_1_8' title='bbox 1294 457 1342 508; x_wconf 78' lang='lat'>323</span> 
     </span>
    </p>
   </div>
   <div class='ocr_carea' id='block_1_2' title="bbox 136 600 1343 777">
    <p class='ocr_par' dir='ltr' id='par_1_2' title="bbox 136 600 1343 777">
     <span class='ocr_line' id='line_1_2' title="bbox 177 600 1343 681; baseline -0.009 -11"><span class='ocrx_word' id='word_1_9' title='bbox 177 612 211 681; x_wconf 95' lang='grc' dir='ltr'>(Ι</span> <span class='ocrx_word' id='word_1_10' title='bbox 236 607 333 670; x_wconf 85' lang='lat' dir='ltr'>Feria</span> <span class='ocrx_word' id='word_1_11' title='bbox 347 606 399 669; x_wconf 88' lang='lat' dir='ltr'>.iii.</span> <span class='ocrx_word' id='word_1_12' title='bbox 414 607 458 670; x_wconf 92' lang='lat' dir='ltr'>de</span> <span class='ocrx_word' id='word_1_13' title='bbox 466 615 584 669; x_wconf 90' lang='lat' dir='ltr'>sancto</span> <span class='ocrx_word' id='word_1_14' title='bbox 601 606 767 669; x_wconf 87' lang='lat' dir='ltr'>Ricardo:</span> <span class='ocrx_word' id='word_1_15' title='bbox 783 607 828 668; x_wconf 88' lang='lat' dir='ltr'>ix.</span> <span class='ocrx_word' id='word_1_16' title='bbox 841 605 1009 669; x_wconf 88' lang='lat' dir='ltr'>lectiones.</span> <span class='ocrx_word' id='word_1_17' title='bbox 1057 600 1170 666; x_wconf 82' lang='lat' dir='ltr'>Medic</span> <span class='ocrx_word' id='word_1_18' title='bbox 1184 600 1343 663; x_wconf 89' lang='lat' dir='ltr'>lectiones</span> 
     </span>
     <span class='ocr_line' id='line_1_3' title="bbox 136 689 851 777; baseline -0.004 -20"><span class='ocrx_word' id='word_1_19' title='bbox 136 694 179 757; x_wconf 89' lang='lat' dir='ltr'>de</span> <span class='ocrx_word' id='word_1_20' title='bbox 195 694 409 777; x_wconf 85' lang='lat' dir='ltr'>martyribus¹</span> <span class='ocrx_word' id='word_1_21' title='bbox 424 718 431 757; x_wconf 91' lang='lat'>:</span> <span class='ocrx_word' id='word_1_22' title='bbox 455 693 628 757; x_wconf 78' lang='lat' dir='ltr'>memoria²</span> <span class='ocrx_word' id='word_1_23' title='bbox 643 692 686 756; x_wconf 89' lang='lat' dir='ltr'>de</span> <span class='ocrx_word' id='word_1_24' title='bbox 701 689 851 756; x_wconf 83' lang='lat' dir='ltr'>octauis.⁸</span> 
     </span>
    </p>
   </div>
   <div class='ocr_carea' id='block_1_3' title="bbox 178 809 1182 890">
    <p class='ocr_par' dir='ltr' id='par_1_3' title="bbox 178 809 1182 890">
     <span class='ocr_line' id='line_1_4' title="bbox 178 809 1182 890; baseline -0.004 -13"><span class='ocrx_word' id='word_1_25' title='bbox 178 820 213 890; x_wconf 95' lang='grc' dir='ltr'>(Ι</span> <span class='ocrx_word' id='word_1_26' title='bbox 237 814 334 877; x_wconf 87' lang='lat' dir='ltr'>Feria</span> <span class='ocrx_word' id='word_1_27' title='bbox 348 814 421 890; x_wconf 89' lang='lat' dir='ltr'>.iiii.,</span> <span class='ocrx_word' id='word_1_28' title='bbox 437 815 481 879; x_wconf 90' lang='lat' dir='ltr'>de</span> <span class='ocrx_word' id='word_1_29' title='bbox 496 822 613 877; x_wconf 89' lang='lat' dir='ltr'>sancta</span> <span class='ocrx_word' id='word_1_30' title='bbox 630 814 746 887; x_wconf 90' lang='lat' dir='ltr'>Maria,</span> <span class='ocrx_word' id='word_1_31' title='bbox 762 822 796 875; x_wconf 85' lang='lat' dir='ltr'>et</span> <span class='ocrx_word' id='word_1_32' title='bbox 813 812 973 876; x_wconf 90' lang='lat' dir='ltr'>memoria</span> <span class='ocrx_word' id='word_1_33' title='bbox 988 812 1031 874; x_wconf 94' lang='lat' dir='ltr'>de</span> <span class='ocrx_word' id='word_1_34' title='bbox 1046 809 1182 875; x_wconf 82' lang='lat' dir='ltr'>octauis.</span> 
     </span>
    </p>
   </div>
   <div class='ocr_carea' id='block_1_4' title="bbox 137 928 1344 1453">
    <p class='ocr_par' dir='ltr' id='par_1_4' title="bbox 137 928 1344 1453">
     <span class='ocr_line' id='line_1_5' title="bbox 178 928 1343 1015; baseline -0.007 -17"><span class='ocrx_word' id='word_1_35' title='bbox 178 940 212 1009; x_wconf 95' lang='grc' dir='ltr'>(Ι</span> <span class='ocrx_word' id='word_1_36' title='bbox 237 935 333 998; x_wconf 87' lang='lat' dir='ltr'>Feria</span> <span class='ocrx_word' id='word_1_37' title='bbox 349 957 395 1010; x_wconf 86' lang='lat' dir='ltr'>.v.,</span> <span class='ocrx_word' id='word_1_38' title='bbox 412 934 534 997; x_wconf 85' lang='lat' dir='ltr'>festum</span> <span class='ocrx_word' id='word_1_39' title='bbox 552 932 707 1015; x_wconf 85' lang='lat' dir='ltr'>Corporis</span> <span class='ocrx_word' id='word_1_40' title='bbox 724 932 868 998; x_wconf 88' lang='lat' dir='ltr'>Christi:</span> <span class='ocrx_word' id='word_1_41' title='bbox 893 932 999 996; x_wconf 84' lang='lat' dir='ltr'>maius</span> <span class='ocrx_word' id='word_1_42' title='bbox 1022 931 1172 1015; x_wconf 90' lang='lat' dir='ltr'>duplex:</span> <span class='ocrx_word' id='word_1_43' title='bbox 1196 940 1230 995; x_wconf 92' lang='lat' dir='ltr'>et</span> <span class='ocrx_word' id='word_1_44' title='bbox 1250 928 1343 993; x_wconf 90' lang='lat' dir='ltr'>Nihil</span> 
     </span>
     <span class='ocr_line' id='line_1_6' title="bbox 137 1018 1343 1104; baseline -0.004 -19"><span class='ocrx_word' id='word_1_45' title='bbox 137 1023 181 1085; x_wconf 89' lang='lat' dir='ltr'>de</span> <span class='ocrx_word' id='word_1_46' title='bbox 208 1021 434 1104; x_wconf 88' lang='lat' dir='ltr'>martyribus.⁴</span> <span class='ocrx_word' id='word_1_47' title='bbox 479 1021 537 1085; x_wconf 87' lang='lat' dir='ltr'>Ad</span> <span class='ocrx_word' id='word_1_48' title='bbox 560 1022 722 1084; x_wconf 89' lang='lat' dir='ltr'>secundas</span> <span class='ocrx_word' id='word_1_49' title='bbox 750 1040 914 1103; x_wconf 64' lang='lat' dir='ltr'>vesperas</span> <span class='ocrx_word' id='word_1_50' title='bbox 937 1018 1122 1102; x_wconf 87' lang='lat' dir='ltr'>antiphona</span> <span class='ocrx_word' id='word_1_51' title='bbox 1148 1018 1343 1100; x_wconf 81' lang='lat' dir='ltr'><em>Sapientia:</em></span> 
     </span>
     <span class='ocr_line' id='line_1_7' title="bbox 138 1104 1343 1191; baseline -0.004 -19"><span class='ocrx_word' id='word_1_52' title='bbox 138 1108 272 1184; x_wconf 88' lang='lat' dir='ltr'>Psalmi,</span> <span class='ocrx_word' id='word_1_53' title='bbox 289 1109 443 1191; x_wconf 89' lang='lat' dir='ltr'><strong>hymnus,</strong></span> <span class='ocrx_word' id='word_1_54' title='bbox 458 1117 492 1171; x_wconf 88' lang='lat' dir='ltr'>et</span> <span class='ocrx_word' id='word_1_55' title='bbox 515 1107 718 1183; x_wconf 71' lang='lat' dir='ltr'>versiculus,6</span> <span class='ocrx_word' id='word_1_56' title='bbox 732 1108 818 1171; x_wconf 90' lang='lat' dir='ltr'>sicut</span> <span class='ocrx_word' id='word_1_57' title='bbox 834 1108 867 1170; x_wconf 94' lang='lat' dir='ltr'>in</span> <span class='ocrx_word' id='word_1_58' title='bbox 890 1108 1004 1190; x_wconf 91' lang='lat' dir='ltr'>primis</span> <span class='ocrx_word' id='word_1_59' title='bbox 1026 1106 1180 1189; x_wconf 84' lang='lat' dir='ltr'>vesperis.</span> <span class='ocrx_word' id='word_1_60' title='bbox 1226 1105 1274 1168; x_wconf 90' lang='lat' dir='ltr'>Et</span> <span class='ocrx_word' id='word_1_61' title='bbox 1295 1104 1343 1167; x_wconf 89' lang='lat' dir='ltr'>sic</span> 
     </span>
     <span class='ocr_line' id='line_1_8' title="bbox 137 1191 1343 1279; baseline -0.005 -20"><span class='ocrx_word' id='word_1_62' title='bbox 137 1216 197 1279; x_wconf 86' lang='lat' dir='ltr'>per</span> <span class='ocrx_word' id='word_1_63' title='bbox 212 1205 301 1259; x_wconf 88' lang='lat' dir='ltr'>totas</span> <span class='ocrx_word' id='word_1_64' title='bbox 316 1205 463 1271; x_wconf 91' lang='lat' dir='ltr'>octauas,</span> <span class='ocrx_word' id='word_1_65' title='bbox 478 1195 615 1278; x_wconf 91' lang='lat' dir='ltr'>quando</span> <span class='ocrx_word' id='word_1_66' title='bbox 627 1195 669 1257; x_wconf 90' lang='lat' dir='ltr'>de</span> <span class='ocrx_word' id='word_1_67' title='bbox 684 1195 826 1258; x_wconf 79' lang='lat' dir='ltr'>octauis⁶</span> <span class='ocrx_word' id='word_1_68' title='bbox 839 1193 876 1258; x_wconf 91' lang='lat' dir='ltr'>fit</span> <span class='ocrx_word' id='word_1_69' title='bbox 887 1193 1072 1258; x_wconf 89' lang='lat' dir='ltr'>seruicium.</span> <span class='ocrx_word' id='word_1_70' title='bbox 1120 1194 1197 1257; x_wconf 92' lang='lat' dir='ltr'>Non</span> <span class='ocrx_word' id='word_1_71' title='bbox 1210 1191 1343 1256; x_wconf 79' lang='lat' dir='ltr'>dicitur¹</span> 
     </span>
     <span class='ocr_line' id='line_1_9' title="bbox 139 1279 1344 1365; baseline -0.005 -18"><span class='ocrx_word' id='word_1_72' title='bbox 139 1282 273 1361; x_wconf 84' lang='lat' dir='ltr'><em>(Gloria</em></span> <span class='ocrx_word' id='word_1_73' title='bbox 299 1283 368 1359; x_wconf 83' lang='lat' dir='ltr'>tibi,</span> <span class='ocrx_word' id='word_1_74' title='bbox 381 1282 532 1360; x_wconf 83' lang='lat' dir='ltr'><em>Domine,</em></span> <span class='ocrx_word' id='word_1_75' title='bbox 557 1281 618 1365; x_wconf 85' lang='lat' dir='ltr'>qui</span> <span class='ocrx_word' id='word_1_76' title='bbox 638 1282 760 1364; x_wconf 86' lang='lat' dir='ltr'>natus),</span> <span class='ocrx_word' id='word_1_77' title='bbox 789 1282 852 1346; x_wconf 89' lang='lat' dir='ltr'>nisi</span> <span class='ocrx_word' id='word_1_78' title='bbox 877 1283 1014 1364; x_wconf 88' lang='lat' dir='ltr'>quando</span> <span class='ocrx_word' id='word_1_79' title='bbox 1038 1280 1076 1345; x_wconf 90' lang='lat' dir='ltr'>fit</span> <span class='ocrx_word' id='word_1_80' title='bbox 1100 1281 1276 1344; x_wconf 90' lang='lat' dir='ltr'>seruicium</span> <span class='ocrx_word' id='word_1_81' title='bbox 1301 1279 1344 1342; x_wconf 88' lang='lat' dir='ltr'>de</span> 
     </span>
     <span class='ocr_line' id='line_1_10' title="bbox 138 1371 518 1453; baseline -0.003 -20"><span class='ocrx_word' id='word_1_82' title='bbox 138 1371 220 1453; x_wconf 91' lang='lat' dir='ltr'>ipsis</span> <span class='ocrx_word' id='word_1_83' title='bbox 235 1371 363 1433; x_wconf 83' lang='lat' dir='ltr'>octauis</span> <span class='ocrx_word' id='word_1_84' title='bbox 378 1378 518 1434; x_wconf 87' lang='lat' dir='ltr'>tantum.</span> 
     </span>
    </p>
   </div>
   <div class='ocr_carea' id='block_1_5' title="bbox 181 1488 1246 1571">
    <p class='ocr_par' dir='ltr' id='par_1_5' title="bbox 181 1488 1246 1571">
     <span class='ocr_line' id='line_1_11' title="bbox 181 1488 1246 1571; baseline -0.001 -18"><span class='ocrx_word' id='word_1_85' title='bbox 181 1496 215 1566; x_wconf 94' lang='grc' dir='ltr'>(Ι</span> <span class='ocrx_word' id='word_1_86' title='bbox 240 1489 337 1554; x_wconf 89' lang='lat' dir='ltr'>Feria</span> <span class='ocrx_word' id='word_1_87' title='bbox 351 1489 402 1554; x_wconf 87' lang='lat' dir='ltr'>.vi.</span> <span class='ocrx_word' id='word_1_88' title='bbox 418 1490 460 1553; x_wconf 91' lang='lat' dir='ltr'>de</span> <span class='ocrx_word' id='word_1_89' title='bbox 482 1489 610 1554; x_wconf 87' lang='lat' dir='ltr'>octauis</span> <span class='ocrx_word' id='word_1_90' title='bbox 626 1488 783 1571; x_wconf 87' lang='lat' dir='ltr'>Corporis</span> <span class='ocrx_word' id='word_1_91' title='bbox 799 1488 933 1565; x_wconf 87' lang='lat' dir='ltr'>Christi,</span> <span class='ocrx_word' id='word_1_92' title='bbox 947 1498 982 1553; x_wconf 90' lang='lat' dir='ltr'>et</span> <span class='ocrx_word' id='word_1_93' title='bbox 997 1490 1063 1553; x_wconf 92' lang='lat' dir='ltr'>due</span> <span class='ocrx_word' id='word_1_94' title='bbox 1079 1488 1246 1553; x_wconf 89' lang='lat' dir='ltr'>memorie.</span> 
     </span>
    </p>
   </div>
   <div class='ocr_carea' id='block_1_6' title="bbox 139 1608 1347 1936">
    <p class='ocr_par' dir='ltr' id='par_1_6' title="bbox 139 1608 1347 1936">
     <span class='ocr_line' id='line_1_12' title="bbox 182 1608 1345 1686; baseline -0.003 -11"><span class='ocrx_word' id='word_1_95' title='bbox 182 1616 217 1686; x_wconf 93' lang='grc' dir='ltr'>(Ι</span> <span class='ocrx_word' id='word_1_96' title='bbox 241 1610 402 1686; x_wconf 82' lang='lat' dir='ltr'>Sabbat0,</span> <span class='ocrx_word' id='word_1_97' title='bbox 416 1610 459 1673; x_wconf 92' lang='lat' dir='ltr'>de</span> <span class='ocrx_word' id='word_1_98' title='bbox 479 1610 637 1674; x_wconf 80' lang='lat' dir='ltr'>octauis⁶:</span> <span class='ocrx_word' id='word_1_99' title='bbox 660 1609 821 1672; x_wconf 89' lang='lat' dir='ltr'>memoria</span> <span class='ocrx_word' id='word_1_100' title='bbox 839 1611 882 1673; x_wconf 96' lang='lat' dir='ltr'>de</span> <span class='ocrx_word' id='word_1_101' title='bbox 900 1621 1017 1674; x_wconf 87' lang='lat' dir='ltr'>sancto</span> <span class='ocrx_word' id='word_1_102' title='bbox 1041 1610 1218 1685; x_wconf 88' lang='lat' dir='ltr'>Edward0,</span> <span class='ocrx_word' id='word_1_103' title='bbox 1244 1617 1279 1673; x_wconf 92' lang='lat' dir='ltr'>et</span> <span class='ocrx_word' id='word_1_104' title='bbox 1302 1608 1345 1672; x_wconf 89' lang='lat' dir='ltr'>de</span> 
     </span>
     <span class='ocr_line' id='line_1_13' title="bbox 139 1696 1345 1779; baseline -0.002 -17"><span class='ocrx_word' id='word_1_105' title='bbox 139 1697 459 1762; x_wconf 86' lang='lat' dir='ltr'>octauisTrinitatis.</span> <span class='ocrx_word' id='word_1_106' title='bbox 497 1697 554 1761; x_wconf 90' lang='lat' dir='ltr'>Ad</span> <span class='ocrx_word' id='word_1_107' title='bbox 564 1716 719 1779; x_wconf 85' lang='lat' dir='ltr'>vesperas</span> <span class='ocrx_word' id='word_1_108' title='bbox 728 1698 771 1760; x_wconf 91' lang='lat' dir='ltr'>de</span> <span class='ocrx_word' id='word_1_109' title='bbox 781 1697 932 1774; x_wconf 81' lang='lat' dir='ltr'>octauis,⁶</span> <span class='ocrx_word' id='word_1_110' title='bbox 941 1697 1102 1761; x_wconf 90' lang='lat' dir='ltr'>memoria</span> <span class='ocrx_word' id='word_1_111' title='bbox 1113 1699 1156 1760; x_wconf 90' lang='lat' dir='ltr'>de</span> <span class='ocrx_word' id='word_1_112' title='bbox 1168 1696 1345 1772; x_wconf 87' lang='lat' dir='ltr'>dominica,</span> 
     </span>
     <span class='ocr_line' id='line_1_14' title="bbox 139 1783 1347 1869; baseline 0 -23"><span class='ocrx_word' id='word_1_113' title='bbox 139 1785 326 1869; x_wconf 89' lang='lat' dir='ltr'>antiphona</span> <span class='ocrx_word' id='word_1_114' title='bbox 341 1784 492 1866; x_wconf 80' lang='lat' dir='ltr'>Loquere,</span> <span class='ocrx_word' id='word_1_115' title='bbox 508 1784 674 1847; x_wconf 85' lang='lat' dir='ltr'>Domine:</span> <span class='ocrx_word' id='word_1_116' title='bbox 690 1783 851 1847; x_wconf 88' lang='lat' dir='ltr'>memoria</span> <span class='ocrx_word' id='word_1_117' title='bbox 862 1785 905 1847; x_wconf 94' lang='lat' dir='ltr'>de</span> <span class='ocrx_word' id='word_1_118' title='bbox 920 1785 1109 1847; x_wconf 90' lang='lat' dir='ltr'>Trinitate:</span> <span class='ocrx_word' id='word_1_119' title='bbox 1128 1794 1162 1848; x_wconf 88' lang='lat' dir='ltr'>et</span> <span class='ocrx_word' id='word_1_120' title='bbox 1178 1784 1347 1866; x_wconf 85' lang='lat' dir='ltr'>processio</span> 
     </span>
     <span class='ocr_line' id='line_1_15' title="bbox 140 1872 451 1936; baseline 0 0"><span class='ocrx_word' id='word_1_121' title='bbox 140 1872 200 1936; x_wconf 85' lang='lat' dir='ltr'>frat</span> <span class='ocrx_word' id='word_1_122' title='bbox 215 1881 295 1935; x_wconf 91' lang='lat' dir='ltr'>ante</span> <span class='ocrx_word' id='word_1_123' title='bbox 309 1892 451 1936; x_wconf 87' lang='lat' dir='ltr'>crucem.</span> 
     </span>
    </p>
   </div>
   <div class='ocr_carea' id='block_1_7' title="bbox 142 1990 1348 2248">
    <p class='ocr_par' dir='ltr' id='par_1_7' title="bbox 142 1990 1348 2248">
     <span class='ocr_line' id='line_1_16' title="bbox 318 1990 1348 2074; baseline 0 -18"><span class='ocrx_word' id='word_1_124' title='bbox 318 1998 351 2068; x_wconf 99' lang='grc' dir='ltr'>(Ι</span> <span class='ocrx_word' id='word_1_125' title='bbox 375 1992 556 2056; x_wconf 88' lang='lat' dir='ltr'>Dominica</span> <span class='ocrx_word' id='word_1_126' title='bbox 570 1992 597 2054; x_wconf 89' lang='lat' dir='ltr'>.i.</span> <span class='ocrx_word' id='word_1_127' title='bbox 613 2000 690 2074; x_wconf 88' lang='lat' dir='ltr'>post</span> <span class='ocrx_word' id='word_1_128' title='bbox 706 1990 827 2054; x_wconf 83' lang='lat' dir='ltr'>festum</span> <span class='ocrx_word' id='word_1_129' title='bbox 844 2001 959 2055; x_wconf 90' lang='lat' dir='ltr'>sancte</span> <span class='ocrx_word' id='word_1_130' title='bbox 980 1992 1164 2066; x_wconf 70' lang='lat' dir='ltr'>Trinitatis</span> <span class='ocrx_word' id='word_1_131' title='bbox 1179 2001 1288 2056; x_wconf 90' lang='lat' dir='ltr'>totum</span> <span class='ocrx_word' id='word_1_132' title='bbox 1304 1993 1348 2056; x_wconf 91' lang='lat' dir='ltr'>de</span> 
     </span>
     <span class='ocr_line' id='line_1_17' title="bbox 319 2077 1348 2161; baseline 0.002 -19"><span class='ocrx_word' id='word_1_133' title='bbox 319 2079 446 2142; x_wconf 92' lang='lat' dir='ltr'>octauis</span> <span class='ocrx_word' id='word_1_134' title='bbox 463 2078 620 2161; x_wconf 90' lang='lat' dir='ltr'>Corporis</span> <span class='ocrx_word' id='word_1_135' title='bbox 642 2077 783 2143; x_wconf 87' lang='lat' dir='ltr'>Christi:</span> <span class='ocrx_word' id='word_1_136' title='bbox 808 2081 969 2143; x_wconf 90' lang='lat' dir='ltr'>memoria</span> <span class='ocrx_word' id='word_1_137' title='bbox 990 2080 1034 2142; x_wconf 91' lang='lat' dir='ltr'>de</span> <span class='ocrx_word' id='word_1_138' title='bbox 1056 2079 1233 2157; x_wconf 91' lang='lat' dir='ltr'>dominica,</span> <span class='ocrx_word' id='word_1_139' title='bbox 1249 2089 1284 2144; x_wconf 90' lang='lat' dir='ltr'>et</span> <span class='ocrx_word' id='word_1_140' title='bbox 1306 2080 1348 2144; x_wconf 90' lang='lat' dir='ltr'>de</span> 
     </span>
     <span class='ocr_line' id='line_1_18' title="bbox 142 2164 751 2248; baseline 0.005 -22"><span class='ocrx_word' id='word_1_141' title='bbox 142 2164 319 2242; x_wconf 87' lang='lat' dir='ltr'>Trinitate,</span> <span class='ocrx_word' id='word_1_142' title='bbox 334 2187 409 2230; x_wconf 90' lang='lat' dir='ltr'>cum</span> <span class='ocrx_word' id='word_1_143' title='bbox 428 2166 530 2229; x_wconf 88' lang='lat' dir='ltr'>missa</span> <span class='ocrx_word' id='word_1_144' title='bbox 545 2167 578 2228; x_wconf 94' lang='lat' dir='ltr'>in</span> <span class='ocrx_word' id='word_1_145' title='bbox 595 2166 751 2248; x_wconf 73' lang='lat' dir='ltr'>capitulo,</span> 
     </span>
    </p>
   </div>
   <div class='ocr_carea' id='block_1_8' title="bbox 138 2040 275 2113">
    <p class='ocr_par' dir='ltr' id='par_1_8' title="bbox 138 2040 275 2113">
     <span class='ocr_line' id='line_1_19' title="bbox 138 2040 275 2113; baseline 0.007 -1"><span class='ocrx_word' id='word_1_146' title='bbox 138 2044 204 2112; x_wconf 83' lang='lat' dir='ltr'>Jun.</span> <span class='ocrx_word' id='word_1_147' title='bbox 218 2040 275 2113; x_wconf 75' lang='grc'>21·]</span> 
     </span>
    </p>
   </div>
   <div class='ocr_carea' id='block_1_9' title="bbox 141 2285 1350 2543">
    <p class='ocr_par' dir='ltr' id='par_1_9' title="bbox 141 2285 1350 2543">
     <span class='ocr_line' id='line_1_20' title="bbox 185 2285 1350 2369; baseline 0.003 -22"><span class='ocrx_word' id='word_1_148' title='bbox 185 2292 220 2362; x_wconf 94' lang='grc' dir='ltr'>(Ι</span> <span class='ocrx_word' id='word_1_149' title='bbox 245 2285 341 2348; x_wconf 85' lang='lat' dir='ltr'>Feria</span> <span class='ocrx_word' id='word_1_150' title='bbox 356 2287 396 2350; x_wconf 91' lang='lat' dir='ltr'>.ii.</span> <span class='ocrx_word' id='word_1_151' title='bbox 412 2286 455 2350; x_wconf 89' lang='lat' dir='ltr'>de</span> <span class='ocrx_word' id='word_1_152' title='bbox 469 2295 587 2349; x_wconf 91' lang='lat' dir='ltr'>sancto</span> <span class='ocrx_word' id='word_1_153' title='bbox 604 2286 760 2349; x_wconf 91' lang='lat' dir='ltr'>Albano:</span> <span class='ocrx_word' id='word_1_154' title='bbox 777 2286 828 2349; x_wconf 86' lang='lat' dir='ltr'>ix.</span> <span class='ocrx_word' id='word_1_155' title='bbox 846 2286 1014 2364; x_wconf 90' lang='lat' dir='ltr'>lectiones,</span> <span class='ocrx_word' id='word_1_156' title='bbox 1030 2307 1106 2350; x_wconf 90' lang='lat' dir='ltr'>cum</span> <span class='ocrx_word' id='word_1_157' title='bbox 1124 2288 1350 2369; x_wconf 89' lang='lat' dir='ltr'>Responsorio</span> 
     </span>
     <span class='ocr_line' id='line_1_21' title="bbox 141 2372 1350 2457; baseline 0.003 -23"><span class='ocrx_word' id='word_1_158' title='bbox 141 2372 359 2455; x_wconf 80' lang='lat' dir='ltr'>Percepturus</span> <span class='ocrx_word' id='word_1_159' title='bbox 371 2397 383 2437; x_wconf 93' lang='lat'>:</span> <span class='ocrx_word' id='word_1_160' title='bbox 405 2384 440 2438; x_wconf 92' lang='lat' dir='ltr'>et</span> <span class='ocrx_word' id='word_1_161' title='bbox 456 2372 539 2436; x_wconf 85' lang='lat' dir='ltr'>fiant</span> <span class='ocrx_word' id='word_1_162' title='bbox 555 2373 665 2437; x_wconf 85' lang='lat' dir='ltr'>medie</span> <span class='ocrx_word' id='word_1_163' title='bbox 680 2373 840 2437; x_wconf 88' lang='lat' dir='ltr'>lectiones</span> <span class='ocrx_word' id='word_1_164' title='bbox 857 2374 900 2436; x_wconf 94' lang='lat' dir='ltr'>de</span> <span class='ocrx_word' id='word_1_165' title='bbox 922 2374 1074 2450; x_wconf 79' lang='lat' dir='ltr'>octauis,⁶</span> <span class='ocrx_word' id='word_1_166' title='bbox 1096 2395 1173 2438; x_wconf 91' lang='lat' dir='ltr'>cum</span> <span class='ocrx_word' id='word_1_167' title='bbox 1198 2375 1350 2457; x_wconf 89' lang='lat' dir='ltr'>Respon-</span> 
     </span>
     <span class='ocr_line' id='line_1_22' title="bbox 142 2459 609 2543; baseline 0.002 -21"><span class='ocrx_word' id='word_1_168' title='bbox 142 2459 239 2523; x_wconf 89' lang='lat' dir='ltr'>soriis</span> <span class='ocrx_word' id='word_1_169' title='bbox 255 2461 298 2524; x_wconf 89' lang='lat' dir='ltr'>de</span> <span class='ocrx_word' id='word_1_170' title='bbox 313 2462 423 2543; x_wconf 90' lang='lat' dir='ltr'>primo</span> <span class='ocrx_word' id='word_1_171' title='bbox 439 2469 609 2523; x_wconf 88' lang='lat' dir='ltr'>nocturno.</span> 
     </span>
    </p>
   </div>
   <div class='ocr_carea' id='block_1_10' title="bbox 142 2580 1353 2905">
    <p class='ocr_par' dir='ltr' id='par_1_10' title="bbox 142 2580 1353 2905">
     <span class='ocr_line' id='line_1_23' title="bbox 186 2580 1352 2665; baseline 0.002 -21"><span class='ocrx_word' id='word_1_172' title='bbox 186 2586 221 2656; x_wconf 93' lang='grc' dir='ltr'>(Ι</span> <span class='ocrx_word' id='word_1_173' title='bbox 244 2581 342 2644; x_wconf 90' lang='lat' dir='ltr'>Feria</span> <span class='ocrx_word' id='word_1_174' title='bbox 357 2580 410 2644; x_wconf 89' lang='lat' dir='ltr'>.iii.</span> <span class='ocrx_word' id='word_1_175' title='bbox 427 2581 470 2644; x_wconf 89' lang='lat' dir='ltr'>de</span> <span class='ocrx_word' id='word_1_176' title='bbox 491 2580 654 2644; x_wconf 69' lang='lat' dir='ltr'>octauist:</span> <span class='ocrx_word' id='word_1_177' title='bbox 678 2589 745 2644; x_wconf 89' lang='lat' dir='ltr'>tres</span> <span class='ocrx_word' id='word_1_178' title='bbox 767 2580 935 2659; x_wconf 72' lang='lat' dir='ltr'>lectiones</span> <span class='ocrx_word' id='word_1_179' title='bbox 951 2601 1027 2645; x_wconf 88' lang='lat' dir='ltr'>cum</span> <span class='ocrx_word' id='word_1_180' title='bbox 1051 2582 1286 2665; x_wconf 90' lang='lat' dir='ltr'>Responsoriis</span> <span class='ocrx_word' id='word_1_181' title='bbox 1309 2583 1352 2645; x_wconf 91' lang='lat' dir='ltr'>de</span> 
     </span>
     <span class='ocr_line' id='line_1_24' title="bbox 142 2668 1352 2743; baseline 0.002 -12"><span class='ocrx_word' id='word_1_182' title='bbox 142 2668 293 2731; x_wconf 90' lang='lat' dir='ltr'>secundo</span> <span class='ocrx_word' id='word_1_183' title='bbox 318 2678 489 2743; x_wconf 89' lang='lat' dir='ltr'>nocturno,</span> <span class='ocrx_word' id='word_1_184' title='bbox 512 2677 546 2730; x_wconf 90' lang='lat' dir='ltr'>et</span> <span class='ocrx_word' id='word_1_185' title='bbox 577 2668 737 2731; x_wconf 90' lang='lat' dir='ltr'>memoria</span> <span class='ocrx_word' id='word_1_186' title='bbox 768 2677 900 2731; x_wconf 91' lang='lat' dir='ltr'>tantum</span> <span class='ocrx_word' id='word_1_187' title='bbox 930 2668 973 2732; x_wconf 93' lang='lat' dir='ltr'>de</span> <span class='ocrx_word' id='word_1_188' title='bbox 1003 2679 1121 2733; x_wconf 89' lang='lat' dir='ltr'>sancta</span> <span class='ocrx_word' id='word_1_189' title='bbox 1144 2669 1352 2734; x_wconf 89' lang='lat' dir='ltr'>Etheldreda</span> 
     </span>
     <span class='ocr_line' id='line_1_25' title="bbox 142 2754 1353 2905; baseline 0.002 -88"><span class='ocrx_word' id='word_1_190' title='bbox 142 2754 283 2905; x_wconf 30' lang='lat' dir='ltr'>{pap}</span> <span class='ocrx_word' id='word_1_191' title='bbox 318 2755 423 2818; x_wconf 90' lang='lat' dir='ltr'>Missa</span> <span class='ocrx_word' id='word_1_192' title='bbox 461 2757 504 2818; x_wconf 94' lang='lat' dir='ltr'>de</span> <span class='ocrx_word' id='word_1_193' title='bbox 535 2755 660 2837; x_wconf 81' lang='lat' dir='ltr'>vigilia⁸</span> <span class='ocrx_word' id='word_1_194' title='bbox 691 2754 871 2818; x_wconf 91' lang='lat' dir='ltr'>solenniter</span> <span class='ocrx_word' id='word_1_195' title='bbox 908 2764 1061 2819; x_wconf 89' lang='lat' dir='ltr'>cantetur</span> <span class='ocrx_word' id='word_1_196' title='bbox 1092 2757 1136 2819; x_wconf 92' lang='lat' dir='ltr'>ad</span> <span class='ocrx_word' id='word_1_197' title='bbox 1171 2756 1353 2840; x_wconf 90' lang='lat' dir='ltr'>principale</span> 
     </span>
    </p>
   </div>
   <div class='ocr_carea' id='block_1_11' title="bbox 144 3032 1352 3183">
    <p class='ocr_par' dir='ltr' id='par_1_11' title="bbox 144 3032 1352 3183">
     <span class='ocr_line' id='line_1_26' title="bbox 144 3032 1352 3115; baseline 0.001 -19"><span class='ocrx_word' id='word_1_198' title='bbox 144 3032 204 3098; x_wconf 91' lang='lat' dir='ltr'>Ad</span> <span class='ocrx_word' id='word_1_199' title='bbox 229 3042 386 3115; x_wconf 92' lang='lat' dir='ltr'>vtrasque</span> <span class='ocrx_word' id='word_1_200' title='bbox 416 3052 579 3115; x_wconf 89' lang='lat' dir='ltr'>vesperas,</span> <span class='ocrx_word' id='word_1_201' title='bbox 606 3033 798 3109; x_wconf 88' lang='lat' dir='ltr'>matutinas,</span> <span class='ocrx_word' id='word_1_202' title='bbox 825 3041 859 3096; x_wconf 91' lang='lat' dir='ltr'>et</span> <span class='ocrx_word' id='word_1_203' title='bbox 883 3035 926 3097; x_wconf 91' lang='lat' dir='ltr'>ad</span> <span class='ocrx_word' id='word_1_204' title='bbox 952 3032 1097 3112; x_wconf 89' lang='lat' dir='ltr'>missam,</span> <span class='ocrx_word' id='word_1_205' title='bbox 1121 3032 1179 3097; x_wconf 86' lang='lat' dir='ltr'>liat</span> <span class='ocrx_word' id='word_1_206' title='bbox 1204 3034 1352 3097; x_wconf 88' lang='lat' dir='ltr'>solennis</span> 
     </span>
     <span class='ocr_line' id='line_1_27' title="bbox 145 3120 528 3183; baseline -0.003 0"><span class='ocrx_word' id='word_1_207' title='bbox 145 3120 308 3183; x_wconf 89' lang='lat' dir='ltr'>memoria</span> <span class='ocrx_word' id='word_1_208' title='bbox 323 3122 366 3183; x_wconf 93' lang='lat' dir='ltr'>de</span> <span class='ocrx_word' id='word_1_209' title='bbox 378 3121 528 3183; x_wconf 80' lang='lat' dir='ltr'>octauis.⁶</span> 
     </span>
    </p>
   </div>
   <div class='ocr_carea' id='block_1_12' title="bbox 143 3239 1353 3740">
    <p class='ocr_par' dir='ltr' id='par_1_12' title="bbox 143 3239 1353 3740">
     <span class='ocr_line' id='line_1_28' title="bbox 188 3239 1353 3323; baseline 0.002 -20"><span class='ocrx_word' id='word_1_210' title='bbox 188 3246 222 3315; x_wconf 96' lang='grc' dir='ltr'>(Ι</span> <span class='ocrx_word' id='word_1_211' title='bbox 247 3240 344 3304; x_wconf 87' lang='lat' dir='ltr'>Feria</span> <span class='ocrx_word' id='word_1_212' title='bbox 358 3261 395 3304; x_wconf 91' lang='lat' dir='ltr'>.v.</span> <span class='ocrx_word' id='word_1_213' title='bbox 411 3240 454 3304; x_wconf 90' lang='lat' dir='ltr'>de</span> <span class='ocrx_word' id='word_1_214' title='bbox 469 3242 611 3317; x_wconf 74' lang='lat' dir='ltr'>octaua,‘</span> <span class='ocrx_word' id='word_1_215' title='bbox 628 3239 864 3304; x_wconf 87' lang='lat' dir='ltr'>Inuitatorium</span> <span class='ocrx_word' id='word_1_216' title='bbox 880 3240 1036 3323; x_wconf 79' lang='lat' dir='ltr'>triplex⁹:</span> <span class='ocrx_word' id='word_1_217' title='bbox 1060 3241 1173 3305; x_wconf 92' lang='lat' dir='ltr'>Medie</span> <span class='ocrx_word' id='word_1_218' title='bbox 1194 3242 1353 3305; x_wconf 89' lang='lat' dir='ltr'>lectiones</span> 
     </span>
     <span class='ocr_line' id='line_1_29' title="bbox 145 3326 1351 3410; baseline 0.001 -19"><span class='ocrx_word' id='word_1_219' title='bbox 145 3329 189 3391; x_wconf 92' lang='lat' dir='ltr'>de</span> <span class='ocrx_word' id='word_1_220' title='bbox 211 3327 340 3392; x_wconf 90' lang='lat' dir='ltr'>octauis</span> <span class='ocrx_word' id='word_1_221' title='bbox 366 3328 473 3390; x_wconf 88' lang='lat' dir='ltr'>sancti</span> <span class='ocrx_word' id='word_1_222' title='bbox 502 3326 661 3390; x_wconf 88' lang='lat' dir='ltr'>Iohannis</span> <span class='ocrx_word' id='word_1_223' title='bbox 682 3347 757 3390; x_wconf 92' lang='lat' dir='ltr'>cum</span> <span class='ocrx_word' id='word_1_224' title='bbox 785 3327 1012 3410; x_wconf 85' lang='lat' dir='ltr'>Responsorio</span> <span class='ocrx_word' id='word_1_225' title='bbox 1035 3327 1247 3410; x_wconf 85' lang='lat' dir='ltr'>Priusquam.</span> <span class='ocrx_word' id='word_1_226' title='bbox 1293 3329 1351 3393; x_wconf 86' lang='lat' dir='ltr'>Ad</span> 
     </span>
     <span class='ocr_line' id='line_1_30' title="bbox 144 3413 1353 3499; baseline 0 -20"><span class='ocrx_word' id='word_1_227' title='bbox 144 3434 311 3498; x_wconf 84' lang='lat' dir='ltr'>vesperas,</span> <span class='ocrx_word' id='word_1_228' title='bbox 328 3414 513 3496; x_wconf 90' lang='lat' dir='ltr'>antiphona</span> <span class='ocrx_word' id='word_1_229' title='bbox 530 3413 705 3495; x_wconf 82' lang='lat' dir='ltr'>Sapientia</span> <span class='ocrx_word' id='word_1_230' title='bbox 715 3437 727 3478; x_wconf 93' lang='lat'>.·</span> <span class='ocrx_word' id='word_1_231' title='bbox 749 3414 899 3496; x_wconf 90' lang='lat' dir='ltr'>psalmus</span> <span class='ocrx_word' id='word_1_232' title='bbox 914 3413 1016 3477; x_wconf 70' lang='lat' dir='ltr'>Dicit</span> <span class='ocrx_word' id='word_1_233' title='bbox 1030 3414 1217 3479; x_wconf 86' lang='lat' dir='ltr'>Dominus:</span> <span class='ocrx_word' id='word_1_234' title='bbox 1241 3415 1353 3499; x_wconf 91' lang='lat' dir='ltr'>Hym-</span> 
     </span>
     <span class='ocr_line' id='line_1_31' title="bbox 144 3500 1353 3586; baseline 0.001 -20"><span class='ocrx_word' id='word_1_235' title='bbox 144 3522 208 3566; x_wconf 89' lang='lat' dir='ltr'>nus</span> <span class='ocrx_word' id='word_1_236' title='bbox 241 3501 356 3565; x_wconf 82' lang='lat' dir='ltr'>Sacris</span> <span class='ocrx_word' id='word_1_237' title='bbox 383 3501 560 3564; x_wconf 76' lang='lat' dir='ltr'>solenniis:</span> <span class='ocrx_word' id='word_1_238' title='bbox 585 3500 765 3564; x_wconf 88' lang='lat' dir='ltr'>versiculus</span> <span class='ocrx_word' id='word_1_239' title='bbox 792 3502 919 3564; x_wconf 85' lang='lat' dir='ltr'>Panem</span> <span class='ocrx_word' id='word_1_240' title='bbox 941 3501 981 3564; x_wconf 81' lang='lat' dir='ltr'>de</span> <span class='ocrx_word' id='word_1_241' title='bbox 1000 3503 1087 3566; x_wconf 83' lang='lat' dir='ltr'>celo:</span> <span class='ocrx_word' id='word_1_242' title='bbox 1109 3502 1294 3586; x_wconf 87' lang='lat' dir='ltr'>antiphona</span> <span class='ocrx_word' id='word_1_243' title='bbox 1322 3503 1353 3567; x_wconf 91' lang='lat'><strong><em>0</em></strong></span> 
     </span>
     <span class='ocr_line' id='line_1_32' title="bbox 143 3587 1352 3672; baseline -0.001 -18"><span class='ocrx_word' id='word_1_244' title='bbox 143 3609 284 3664; x_wconf 84' lang='lat' dir='ltr'>socrum,</span> <span class='ocrx_word' id='word_1_245' title='bbox 311 3587 461 3671; x_wconf 84' lang='lat' dir='ltr'>psalmus</span> <span class='ocrx_word' id='word_1_246' title='bbox 486 3587 709 3669; x_wconf 74' lang='lat' dir='ltr'>Magnificat:</span> <span class='ocrx_word' id='word_1_247' title='bbox 744 3589 906 3651; x_wconf 90' lang='lat' dir='ltr'>memoria</span> <span class='ocrx_word' id='word_1_248' title='bbox 934 3588 977 3652; x_wconf 90' lang='lat' dir='ltr'>de</span> <span class='ocrx_word' id='word_1_249' title='bbox 1005 3588 1206 3672; x_wconf 91' lang='lat' dir='ltr'>martyribus</span> <span class='ocrx_word' id='word_1_250' title='bbox 1241 3599 1275 3653; x_wconf 88' lang='lat' dir='ltr'>et</span> <span class='ocrx_word' id='word_1_251' title='bbox 1309 3590 1352 3653; x_wconf 91' lang='lat' dir='ltr'>de</span> 
     </span>
     <span class='ocr_line' id='line_1_33' title="bbox 143 3674 584 3740; baseline -0.005 0"><span class='ocrx_word' id='word_1_252' title='bbox 143 3677 279 3740; x_wconf 80' lang='lat' dir='ltr'>octaua⁸</span> <span class='ocrx_word' id='word_1_253' title='bbox 294 3676 400 3738; x_wconf 91' lang='lat' dir='ltr'>sancti</span> <span class='ocrx_word' id='word_1_254' title='bbox 418 3674 584 3739; x_wconf 89' lang='lat' dir='ltr'>Iohannis.</span> 
     </span>
    </p>
   </div>
   <div class='ocr_carea' id='block_1_13' title="bbox 145 3794 1350 3960">
    <p class='ocr_par' dir='ltr' id='par_1_13' title="bbox 145 3794 1350 3960">
     <span class='ocr_line' id='line_1_34' title="bbox 189 3794 1350 3879; baseline 0 -20"><span class='ocrx_word' id='word_1_255' title='bbox 189 3801 223 3871; x_wconf 95' lang='grc' dir='ltr'>(Ι</span> <span class='ocrx_word' id='word_1_256' title='bbox 247 3796 345 3859; x_wconf 89' lang='lat' dir='ltr'>Feria</span> <span class='ocrx_word' id='word_1_257' title='bbox 370 3795 419 3858; x_wconf 87' lang='lat' dir='ltr'>.vi.</span> <span class='ocrx_word' id='word_1_258' title='bbox 444 3795 488 3859; x_wconf 91' lang='lat' dir='ltr'>de</span> <span class='ocrx_word' id='word_1_259' title='bbox 521 3794 767 3877; x_wconf 85' lang='lat' dir='ltr'>martyribus¹⁰:</span> <span class='ocrx_word' id='word_1_260' title='bbox 810 3804 876 3859; x_wconf 92' lang='lat' dir='ltr'>tres</span> <span class='ocrx_word' id='word_1_261' title='bbox 916 3794 1075 3860; x_wconf 87' lang='lat' dir='ltr'>lectiones</span> <span class='ocrx_word' id='word_1_262' title='bbox 1110 3816 1186 3859; x_wconf 90' lang='lat' dir='ltr'>cum</span> <span class='ocrx_word' id='word_1_263' title='bbox 1210 3797 1350 3879; x_wconf 91' lang='lat' dir='ltr'>propriis</span> 
     </span>
     <span class='ocr_line' id='line_1_35' title="bbox 145 3882 1187 3960; baseline -0.001 -13"><span class='ocrx_word' id='word_1_264' title='bbox 145 3882 311 3960; x_wconf 89' lang='lat' dir='ltr'>laudibus,</span> <span class='ocrx_word' id='word_1_265' title='bbox 325 3891 360 3946; x_wconf 89' lang='lat' dir='ltr'>et</span> <span class='ocrx_word' id='word_1_266' title='bbox 375 3882 537 3945; x_wconf 89' lang='lat' dir='ltr'>memoria</span> <span class='ocrx_word' id='word_1_267' title='bbox 552 3882 596 3946; x_wconf 90' lang='lat' dir='ltr'>de</span> <span class='ocrx_word' id='word_1_268' title='bbox 610 3882 759 3945; x_wconf 90' lang='lat' dir='ltr'>octauis:</span> <span class='ocrx_word' id='word_1_269' title='bbox 783 3882 937 3945; x_wconf 88' lang='lat' dir='ltr'>Psalmus</span> <span class='ocrx_word' id='word_1_270' title='bbox 951 3882 1014 3946; x_wconf 75' lang='lat' dir='ltr'>Ad</span> <span class='ocrx_word' id='word_1_271' title='bbox 1025 3891 1056 3946; x_wconf 81' lang='lat' dir='ltr'>te</span> <span class='ocrx_word' id='word_1_272' title='bbox 1068 3883 1187 3947; x_wconf 80' lang='lat' dir='ltr'>leuaui.</span> 
     </span>
    </p>
   </div>
   <div class='ocr_carea' id='block_1_14' title="bbox 176 4194 1186 4576">
    <p class='ocr_par' dir='ltr' id='par_1_14' title="bbox 176 4194 1186 4395">
     <span class='ocr_line' id='line_1_36' title="bbox 178 4194 1186 4262; baseline 0 -14"><span class='ocrx_word' id='word_1_273' title='bbox 178 4194 188 4227; x_wconf 90' lang='lat'>¹</span> <span class='ocrx_word' id='word_1_274' title='bbox 206 4197 252 4249; x_wconf 84' lang='lat' dir='ltr'>SS.</span> <span class='ocrx_word' id='word_1_275' title='bbox 266 4196 350 4248; x_wconf 86' lang='lat' dir='ltr'>Cirico</span> <span class='ocrx_word' id='word_1_276' title='bbox 360 4206 385 4248; x_wconf 87' lang='lat' dir='ltr'>et</span> <span class='ocrx_word' id='word_1_277' title='bbox 398 4196 491 4249; x_wconf 63' lang='lat' dir='ltr'>lulius</span> <span class='ocrx_word' id='word_1_278' title='bbox 787 4196 799 4228; x_wconf 68' lang='lat'><strong>⁹</strong></span> <span class='ocrx_word' id='word_1_279' title='bbox 814 4208 839 4249; x_wconf 84' lang='lat' dir='ltr'>et</span> <span class='ocrx_word' id='word_1_280' title='bbox 850 4198 928 4262; x_wconf 80' lang='lat' dir='ltr'>before</span> <span class='ocrx_word' id='word_1_281' title='bbox 939 4198 1074 4249; x_wconf 80' lang='lat' dir='ltr'>memoria:</span> <span class='ocrx_word' id='word_1_282' title='bbox 1092 4197 1133 4261; x_wconf 88' lang='lat'>87,</span> <span class='ocrx_word' id='word_1_283' title='bbox 1146 4198 1186 4249; x_wconf 88' lang='lat'>88.</span> 
     </span>
     <span class='ocr_line' id='line_1_37' title="bbox 176 4260 1184 4315; baseline 0.002 -3"><span class='ocrx_word' id='word_1_284' title='bbox 176 4260 188 4293; x_wconf 87' lang='lat'>⁸</span> <span class='ocrx_word' id='word_1_285' title='bbox 203 4262 340 4313; x_wconf 77' lang='lat' dir='ltr'>Trinitatis</span> <span class='ocrx_word' id='word_1_286' title='bbox 783 4262 795 4294; x_wconf 89' lang='lat'><strong>⁴</strong></span> <span class='ocrx_word' id='word_1_287' title='bbox 811 4264 858 4314; x_wconf 86' lang='lat' dir='ltr'>SS.</span> <span class='ocrx_word' id='word_1_288' title='bbox 873 4265 960 4313; x_wconf 79' lang='lat' dir='ltr'>Marco</span> <span class='ocrx_word' id='word_1_289' title='bbox 970 4274 996 4314; x_wconf 87' lang='lat' dir='ltr'>et</span> <span class='ocrx_word' id='word_1_290' title='bbox 1014 4264 1184 4315; x_wconf 75' lang='lat' dir='ltr'>Marcelliano.</span> 
     </span>
     <span class='ocr_line' id='line_1_38' title="bbox 177 4326 1045 4395; baseline 0.002 -16"><span class='ocrx_word' id='word_1_291' title='bbox 177 4326 332 4379; x_wconf 66' lang='lat' dir='ltr'>lversiculi:</span> <span class='ocrx_word' id='word_1_292' title='bbox 349 4339 392 4390; x_wconf 88' lang='lat'>97,</span> <span class='ocrx_word' id='word_1_293' title='bbox 403 4341 444 4378; x_wconf 85' lang='lat'>01.</span> <span class='ocrx_word' id='word_1_294' title='bbox 788 4326 1045 4395; x_wconf 71' lang='lat' dir='ltr'>‘CorporisChristi</span> 
     </span>
    </p>

    <p class='ocr_par' dir='ltr' id='par_1_15' title="bbox 177 4391 809 4456">
     <span class='ocr_line' id='line_1_39' title="bbox 177 4391 809 4456; baseline 0.005 -15"><span class='ocrx_word' id='word_1_295' title='bbox 177 4391 187 4424; x_wconf 83' lang='lat'>⁷</span> <span class='ocrx_word' id='word_1_296' title='bbox 203 4393 354 4445; x_wconf 76' lang='lat' dir='ltr'>versiculus:</span> <span class='ocrx_word' id='word_1_297' title='bbox 371 4394 428 4443; x_wconf 83' lang='lat' dir='ltr'><em>add.</em></span> <span class='ocrx_word' id='word_1_298' title='bbox 441 4393 483 4456; x_wconf 88' lang='lat'>87,</span> <span class='ocrx_word' id='word_1_299' title='bbox 495 4392 591 4444; x_wconf 74' lang='lat' dir='ltr'>dicatur</span> <span class='ocrx_word' id='word_1_300' title='bbox 601 4393 752 4446; x_wconf 80' lang='lat' dir='ltr'>versiculus:</span> <span class='ocrx_word' id='word_1_301' title='bbox 769 4393 809 4444; x_wconf 59' lang='lat'>88,</span> 
     </span>
    </p>

    <p class='ocr_par' dir='ltr' id='par_1_16' title="bbox 177 4456 1183 4576">
     <span class='ocr_line' id='line_1_40' title="bbox 177 4456 1183 4525; baseline 0.001 -17"><span class='ocrx_word' id='word_1_302' title='bbox 177 4456 264 4509; x_wconf 72' lang='lat' dir='ltr'>⁸Nou</span> <span class='ocrx_word' id='word_1_303' title='bbox 279 4459 305 4509; x_wconf 87' lang='lat' dir='ltr'>S.</span> <span class='ocrx_word' id='word_1_304' title='bbox 320 4459 409 4509; x_wconf 73' lang='lat' dir='ltr'>Iohsn.</span> <span class='ocrx_word' id='word_1_305' title='bbox 424 4460 496 4525; x_wconf 80' lang='lat' dir='ltr'>Bnpt.</span> <span class='ocrx_word' id='word_1_306' title='bbox 786 4458 846 4510; x_wconf 61' lang='lat' dir='ltr'>‘iu</span> <span class='ocrx_word' id='word_1_307' title='bbox 860 4459 998 4511; x_wconf 84' lang='lat' dir='ltr'>lectiones:</span> <span class='ocrx_word' id='word_1_308' title='bbox 1015 4460 1072 4510; x_wconf 80' lang='lat' dir='ltr'>add.</span> <span class='ocrx_word' id='word_1_309' title='bbox 1089 4458 1130 4521; x_wconf 84' lang='lat'>87,</span> <span class='ocrx_word' id='word_1_310' title='bbox 1143 4458 1183 4510; x_wconf 85' lang='lat'>88.</span> 
     </span>
     <span class='ocr_line' id='line_1_41' title="bbox 178 4522 522 4576; baseline 0 -1"><span class='ocrx_word' id='word_1_311' title='bbox 178 4522 199 4555; x_wconf 80' lang='lat'>¹⁰</span> <span class='ocrx_word' id='word_1_312' title='bbox 215 4524 261 4576; x_wconf 87' lang='lat' dir='ltr'>SS.</span> <span class='ocrx_word' id='word_1_313' title='bbox 276 4524 388 4574; x_wconf 72' lang='lat' dir='ltr'>Iohanne</span> <span class='ocrx_word' id='word_1_314' title='bbox 399 4534 424 4575; x_wconf 83' lang='lat' dir='ltr'>et</span> <span class='ocrx_word' id='word_1_315' title='bbox 436 4526 522 4575; x_wconf 79' lang='lat' dir='ltr'>Paulo</span> 
     </span>
    </p>
   </div>
   <div class='ocr_carea' id='block_1_15' title="bbox 1195 4607 1261 4655">
    <p class='ocr_par' dir='ltr' id='par_1_17' title="bbox 1195 4607 1261 4655">
     <span class='ocr_line' id='line_1_42' title="bbox 1195 4607 1261 4655; baseline 0 0"><span class='ocrx_word' id='word_1_316' title='bbox 1195 4607 1261 4655; x_wconf 82' lang='lat' dir='ltr'>Y2</span> 
     </span>
    </p>
   </div>
   <div class='ocr_carea' id='block_1_16' title="bbox 0 0 1677 5220">
    <p class='ocr_par' dir='ltr' id='par_1_18' title="bbox 0 0 1677 5220">
     <span class='ocr_line' id='line_1_43' title="bbox 0 0 1677 5220; baseline 0 0"><span class='ocrx_word' id='word_1_317' title='bbox 0 0 1677 5220; x_wconf 95' lang='lat' dir='ltr'> </span> 
     </span>
    </p>
   </div>
  </div>
 </body>
</html>
