3316 5220
473 468 658 530 QUINTUM
674 468 709 516 D.
744 469 800 517 xilv.
813 467 851 516 xi.
865 467 924 517 viii.
938 468 979 516 iii.
992 468 1064 517 xiiii.
1328 479 1373 530 321

212 629 246 699 (Ι
270 623 367 686 Feria
382 622 421 685 .ii.
437 621 481 684 de
496 620 597 684 seria.l
643 620 1065 705 ResponsoriaDtgnuses.
1111 620 1217 685 Missa
1232 619 1377 683 domini·

168 711 256 774 calis.

170 920 180 981 l
211 837 246 907 (Ι
269 831 367 895 Feria
395 830 447 894 .iii.
490 830 533 892 de
576 827 799 911 martyribus.²
849 828 1084 892 Inuitatorium
1118 828 1269 911 duplex:
1306 837 1373 891 tres

182 921 339 982 ectiones

169 1126 382 1209 euangelium
398 1122 548 1188 eiusdem
565 1121 651 1185 serie.

212 1253 245 1323 (Ι
270 1248 367 1310 Feria
381 1268 419 1310 .v.
432 1246 476 1310 de
490 1244 576 1308 festo
592 1242 664 1307 loci.

211 1373 245 1443 (Ι
269 1367 366 1430 Feria
382 1366 432 1430 .vi.
447 1365 491 1429 de
506 1364 595 1428 seria
643 1364 869 1448 Responsoria
893 1363 974 1430 Vidi
978 1373 1120 1446 portam.

211 1495 244 1565 (Ι
268 1488 428 1563 Sabbato‚
443 1486 487 1550 de
501 1498 618 1552 sancta
633 1487 751 1550 Maria

210 1615 245 1685 (Ι
267 1609 337 1671 Vbi
361 1605 446 1672 fiunt
472 1616 539 1671 tres
572 1606 919 1684 commemorationes,
948 1607 987 1670 ln
1018 1606 1085 1671 .ἰίἰ.3
1109 1607 1191 1670 seria
1220 1605 1278 1671 fiat
1308 1627 1375 1670 vna

167 1695 466 1760 commemoratio,⁴

344 1821 378 1890 (Ι
401 1814 581 1878 Dominica
595 1815 659 1879 .iiii.
676 1823 752 1897 post
769 1814 905 1891 Pascha,
919 1822 1029 1878 totum
1052 1814 1095 1877 de
1110 1815 1285 1878 dominica
1333 1814 1372 1877 In

170 1867 229 1921 Mai
245 1864 298 1936 ¹7¹]
346 1902 500 1966 laudibus
515 1922 582 1966 vna
596 1902 789 1985 antiphona

211 2028 245 2098 (Ι
269 2023 366 2086 Feria
381 2022 420 2086 .ii.
437 2022 480 2085 de
495 2021 584 2086 seria
631 2022 869 2104 Responsoria⁵
896 2022 1059 2085 Narrabo.
1111 2022 1216 2085 Missa
1230 2023 1372 2087 domini-

168 2111 256 2172 calis.

210 2235 244 2305 (Ι
268 2229 366 2292 Feria
380 2229 432 2293 .iii.
448 2229 490 2291 de
506 2237 624 2292 sancto
640 2229 829 2305 Dunstano,
844 2238 878 2292 et
894 2229 1055 2293 memoria
1070 2229 1113 2292 de
1128 2229 1278 2312 virgine.6

210 2357 244 2427 (Ι
268 2352 365 2413 Feria
394 2352 458 2415 .iiii.
488 2350 531 2414 de
562 2349 650 2414 seria
705 2351 931 2432 Responsoria
960 2350 1004 2413 de
1041 2350 1084 2413 iii.
1122 2350 1212 2428 feria,
1248 2350 1373 2415 scilicet

167 2438 349 2518 Hymnum.
395 2437 551 2521 Epistola
566 2447 600 2501 et
616 2438 827 2519 euangelium
843 2438 992 2500 eiusdem
1008 2437 1097 2501 serie.

209 2566 243 2635 (Ι
268 2560 296 2622 F
297 2560 365 2622 erla
380 2581 418 2621 .v.
434 2559 477 2622 de
492 2558 578 2622 festo
594 2558 667 2622 loci.

208 2686 242 2755 (Ι
266 2680 363 2742 Feria
378 2678 428 2743 .vi.
443 2680 487 2742 de
502 2678 591 2742 seria.
637 2678 862 2760 Responsoria
877 2676 991 2740 Deduc
999 2698 1056 2740 me.

208 2805 242 2874 (Ι
266 2798 426 2876 Sabbat0,
442 2799 485 2861 de
500 2807 618 2862 sancta
635 2799 751 2861 Maria

207 2926 242 2996 (Ι
264 2919 333 2982 Vbi
350 2918 435 2983 fiunt
449 2928 516 2983 tres
531 2919 876 2997 commemorationes,
891 2919 924 2981 in
947 2919 997 2983 .vi.
1014 2917 1094 2981 seria
1117 2916 1175 2982 fiat
1197 2938 1264 2981 vna
1285 2938 1372 2981 com-

167 3007 373 3070 memoratio,

340 3134 374 3203 (Ι
397 3126 576 3190 Dominica
605 3149 653 3205 .v.,
681 3136 791 3190 totum
821 3127 865 3190 de
901 3125 1077 3190 dominica
1140 3126 1179 3189 ln
1217 3125 1371 3189 laudibus

167 3177 226 3232 Mai
241 3174 296 3247 24]
342 3234 460 3278 omnes
475 3214 658 3296 antiphone
673 3215 839 3277 dicuntur.

207 3339 241 3408 (Ι
265 3334 363 3396 Feria
378 3334 418 3396 .ii
438 3334 659 3418 rogationum,
674 3335 718 3397 de
743 3343 860 3397 sancto
887 3333 1057 3410 Aldelm0,
1080 3344 1114 3398 et
1140 3334 1300 3397 memoria
1326 3334 1369 3396 de

165 3429 282 3483 sancto
297 3420 459 3486 Vrbano:
475 3432 510 3483 et
521 3420 564 3484 de
580 3421 710 3498 ieiunio,
720 3440 796 3484 cum
809 3421 971 3484 versiculo
982 3421 1138 3485 Surrexit
1151 3422 1316 3485 Dominus
1330 3420 1369 3484 de

162 3507 303 3587 sepulcro
315 3531 327 3571 .·
351 3508 512 3571 memoria
527 3508 570 3571 de
585 3508 823 3572 resurrectione
838 3509 882 3572 ad
898 3509 1079 3572 matutinas
1094 3520 1129 3572 et
1150 3512 1194 3573 ad
1210 3510 1347 3571 missam
1360 3529 1368 3584 ;

162 3596 223 3657 sed
248 3615 315 3657 non
341 3595 384 3658 de
408 3595 538 3669 ieiunio,
570 3596 632 3658 nisi
663 3598 706 3659 ad
734 3597 917 3658 matutinas
940 3605 1080 3659 tantum.
1126 3596 1183 3659 Ad
1204 3615 1368 3678 vesperas,

164 3683 326 3744 memoria
355 3685 397 3746 de
427 3693 544 3745 sancto
575 3682 743 3759 Aldelmo,
766 3682 952 3765 antiphona
976 3682 1053 3745 Lux
1072 3694 1230 3765 perpetua
1253 3684 1368 3759 maior,

163 3769 342 3832 versiculus
360 3768 513 3833 Gaudete.

205 3896 240 3965 (Ι
264 3890 362 3953 Feria
376 3891 438 3967 .iii,
453 3891 497 3953 de
512 3899 629 3953 sancto
645 3890 846 3973 Augustino,
865 3890 1004 3955 Inferius
1019 3890 1159 3974 duplex.

205 4017 239 4086 (Ι
264 4011 361 4160 Ferisa
383 4010 446 4160 ,iiii
465 4011 509 4074 de
531 4011 665 4093 vigilia.⁷
711 4012 937 4093 Responsoria
959 4012 1004 4076 de
1026 4013 1055 4076 ii.
1079 4012 1160 4076 seria
1182 4034 1258 4078 cum
1283 4016 1367 4079 Res-

163 4119 319 4182 ponsono
348 4118 415 4161 ena
429 4119 447 4161 1.

194 4338 205 4435 ἓ
221 4339 341 4466 glelerguya’:
347 4338 516 4467 ἔιὸξῖὃιὸδ.
812 4336 824 4369 ²
840 4339 885 4391 SS.
906 4341 998 4400 Nereo,
1011 4341 1127 4391 Achilleo
1137 4350 1212 4407 atque
1225 4341 1362 4392 Pancratic-

194 4469 205 4499 ⁴
221 4482 246 4520 et
258 4482 316 4520 tunc
328 4471 496 4535 Responsoria
507 4471 539 4520 de
550 4470 593 4521 iiii.
607 4470 667 4520 seria
679 4470 904 4535 pretermittantur:
920 4473 976 4522 add.
991 4470 1032 4533 87,
1045 4470 1094 4531 883
1111 4474 1179 4530 (tunc
1190 4474 1260 4532 om),
1270 4484 1311 4533 97,
1321 4486 1362 4523 οι.

193 4534 205 4563 ⁵
223 4536 434 4599 Responsorium:
452 4534 492 4585 88.
690 4533 701 4565 ⁰
717 4535 744 4586 S.
760 4536 917 4586 Poteuciana.
1102 4536 1112 4569 ⁷
1128 4538 1296 4588 Aseensionis.

251 4615 334 4665 PICA
357 4615 494 4666 SARUM.
1254 4619 1278 4667 ll
