3316 5220
443 462 542 524 QUIN
542 460 628 511 TUM
639 460 675 509 D.
709 460 769 511 xit.
780 461 819 509 xi.
833 461 892 509 viii.
906 462 948 510 iii.
960 462 1035 513 xiiii.
1298 479 1352 529 319

179 621 213 691 (Ι
237 615 336 678 Fena
366 615 429 680 iiii.
457 613 580 678 festum
618 612 901 676 Annunciationis
939 614 1038 678 beate
1076 614 1206 682 Marie:
1238 619 1348 682 minus

132 703 273 784 duplex.
319 703 376 766 Ad
407 700 673 785 completorium,
712 700 747 761 in
784 699 851 762 fine
888 700 1016 782 hymni,
1055 703 1186 767 dicatur
1220 704 1348 771 versus*

134 789 273 869 (Gloria
289 789 360 866 tibi,
374 789 525 865 Domine,
539 787 601 870 qui
613 791 737 869 notus).

134 922 210 975 Mar.
224 918 280 990 ap]
312 915 346 984 (Ι
370 909 551 972 Dominica
565 907 629 973 iiii.
645 907 911 990 quadragesime,
927 918 1037 972 totum
1053 910 1096 975 de
1112 912 1290 980 dominica

179 1038 213 1108 (Ι
238 1032 337 1096 Feria
357 1030 398 1095 .ii.
421 1029 473 1093 iii.
496 1029 547 1093 iv.
569 1038 604 1092 et
618 1049 657 1092 .v.
680 1028 723 1090 de
745 1028 878 1092 ieiunio.
925 1029 971 1092 Et
987 1030 1020 1093 in
1039 1030 1104 1096 ‚iiii
1124 1031 1204 1096 seria
1219 1033 1353 1099 dicatur

137 1117 404 1203 Responsorium
421 1115 542 1179 feriale.

177 1245 214 1316 (Ι
238 1240 334 1303 Feria
349 1239 399 1303 .νὶ
411 1238 455 1302 de
469 1246 587 1300 sancto
599 1236 765 1301 Ricard0:
788 1237 833 1301 ix.
850 1237 1009 1301 lectiones
1025 1239 1068 1302 de
1082 1243 1262 1309 communi.

178 1365 215 1436 (Ι
238 1358 400 1436 Sabbato,
415 1359 458 1421 de
473 1366 591 1420 saneto
607 1356 798 1432 Ambrosio,
815 1355 957 1420 Inferius
979 1358 1131 1443 duplex:
1155 1360 1349 1444 Capitulum

133 1447 218 1511 Ecce
251 1447 405 1510 sacerdos.
450 1444 601 1526 Vespere
630 1453 728 1506 erunt
761 1443 804 1506 de
833 1444 1012 1522 dominica,
1052 1457 1087 1510 et
1117 1451 1278 1513 memoria
1307 1451 1352 1514 de

136 1534 231 1598 festo.

136 1669 206 1736 Apr.
222 1662 260 1735 5.]
315 1660 349 1729 (Ι
373 1652 553 1716 Dominica
568 1651 602 1713 in
620 1649 780 1713 Passione
796 1649 973 1734 [Domini],
988 1662 1098 1717 totum
1110 1656 1154 1718 de
1172 1656 1350 1722 dominica

182 1781 216 1851 (Ι
241 1775 339 1838 Feria
364 1774 413 1848 ii..
430 1781 465 1836 et
491 1772 525 1834 in
550 1770 669 1834 ceteris
689 1770 778 1833 seriis
799 1790 860 1852 per
876 1769 1138 1852 hebdomadam,
1160 1776 1203 1838 de
1218 1776 1353 1841 ieiunio.

139 1864 187 1926 Et
203 1863 253 1925 in²
266 1862 331 1925 iiii.
354 1860 444 1935 seria,
462 1868 497 1923 et
512 1858 547 1920 in
562 1857 714 1934 sabbato,
729 1857 897 1921 dicuntur³
915 1858 1142 1942 Responsoria
1158 1861 1291 1927 ferialia„

135 1999 206 2065 Apr.
222 1991 276 2064 η]
314 1988 349 2058 (Ι
372 1979 553 2044 Dominica
568 1978 602 2040 in
618 1977 719 2040 ramis
737 1977 938 2056 Palmamm,
953 1988 1063 2043 totum
1079 1981 1123 2044 de
1137 1981 1313 2048 dominica

183 2110 217 2180 (Ι
242 2102 340 2166 Feria
364 2102 415 2178 ii,
444 2109 480 2164 et
509 2097 627 2161 ceteris
654 2095 742 2160 feriis
768 2118 829 2179 per
856 2097 1115 2178 hebdomadam,
1146 2102 1188 2164 de
1219 2103 1353 2169 ieiunio.

142 2193 241 2255 Feria
266 2191 319 2254 iii.
343 2188 505 2251 memoria
531 2183 591 2248 fiat
613 2185 656 2247 de
680 2185 906 2265 martyribus,⁴
928 2186 971 2248 ad
1003 2206 1160 2269 vesperas
1186 2200 1221 2252 et
1243 2202 1351 2256 matu-

139 2281 230 2342 tinas
260 2277 359 2340 beate
395 2274 539 2356 virginis.
586 2271 680 2335 Feria
721 2272 778 2335 ἰίἰ.ὅ
821 2273 977 2335 dicantur
1014 2274 1170 2356 Exequie
1200 2277 1354 2342 Mortuo·
1472 2338 1478 2345 ,

141 2386 226 2442 tum,
248 2384 325 2427 cum
352 2362 398 2426 ix.
424 2360 633 2436 lectionibuS,
655 2369 689 2422 et
714 2359 816 2421 missa
842 2360 875 2422 in
900 2361 1067 2423 crastino:
1101 2362 1259 2447 deinceps
1282 2385 1350 2429 non

143 2454 315 2517 dicuntur⁸
338 2448 534 2532 quotidiane
558 2447 702 2528 exequie
725 2446 760 2509 in
791 2455 969 2523 conuentu,
999 2468 1105 2530 vsque
1134 2460 1212 2532 post
1242 2452 1356 2516 Trini.

135 2550 253 2605 tatem.

136 2713 208 2780 Apr.
224 2704 278 2777 19]
316 2662 361 2756 (Ι,
374 2655 440 2756 Die
464 2656 576 2731 Pasce,
597 2663 631 2717 et
653 2673 714 2735 per
734 2651 993 2731 hebdomadam,
1013 2663 1123 2718 totum
1142 2657 1185 2720 de
1207 2658 1302 2737 sesto,
1317 2671 1353 2722 et

317 2742 410 2806 Nnnl
426 2745 469 2807 de
484 2751 602 2805 sancto
616 2739 785 2823 Alphego.

140 2864 382 3017 A{ingestum
413 2863 521 2926 sancti
551 2861 688 2944 Georgii
720 2859 893 2923 differatur
921 2881 1027 2943 usque
1056 2862 1100 2926 ad
1131 2865 1230 2930 xxiia
1260 2867 1351 2930 diem

175 2974 200 3036 Ρ

185 3079 220 3149 (Ι
244 3072 398 3136 Festum²
413 3069 520 3133 sancti
537 3069 653 3145 Marci,
668 3087 774 3150 vsque
788 3069 833 3131 ad
847 3088 876 3131 v.
889 3067 979 3131 diem
996 3069 1120 3132 mensis
1136 3071 1227 3136 Maii.

185 3198 222 3269 (Ι
244 3190 412 3257 Omnibus
441 3189 619 3253 dominicis
649 3208 754 3270 vsque
784 3188 826 3250 ad
855 3187 1099 3251 Ascensionem
1130 3191 1280 3270 Domini,
1309 3195 1352 3257 de

143 3298 346 3363 quocunque
383 3277 470 3341 sesto
508 3276 567 3338 fiat
603 3276 791 3351 seruicium,
826 3274 898 3338 fiat⁸
934 3275 1081 3338 solennis
1110 3280 1273 3343 memoria
1309 3282 1352 3344 de

144 3367 325 3444 dominica,
340 3365 384 3429 ad
400 3374 559 3446 vtrasque
580 3382 737 3446 vesperas
759 3364 807 3424 et'
829 3363 1022 3440 matutinas,
1036 3363 1096 3426 sed
1119 3386 1290 3448 nunquam
1307 3369 1352 3431 ad

141 3474 291 3520 missam.

186 3580 223 3651 (Ι
245 3572 415 3639 Omnibus
446 3571 540 3634 sestis
569 3590 647 3634 cum
677 3570 838 3652 regimine
867 3570 970 3647 chori,
995 3591 1100 3652 vsque
1129 3572 1172 3634 ad
1204 3571 1351 3654 vigiliam

145 3661 375 3737 Ascensionis,
391 3658 450 3722 fiat
466 3659 628 3721 memoria
649 3658 693 3720 de
715 3657 974 3721 resurrectione:
999 3657 1071 3720 Nisi
1095 3658 1129 3721 in
1152 3658 1358 3724 quentione

146 3750 272 3813 Sancte
288 3746 440 3822 Crucis‚¹⁰
455 3756 490 3808 et
505 3747 539 3807 in
554 3744 704 3808 sabbatis
719 3744 762 3808 ad
778 3764 936 3826 vesperas
947 3754 1090 3811 tantum.

318 3872 353 3942 (Ι
376 3865 556 3930 Dominica
593 3865 642 3949 (in
680 3863 780 3947 albis)
815 3864 922 3946 prima
960 3873 1037 3947 post
1080 3866 1205 3929 Pasca:
1243 3867 1353 3930 minus

141 3916 281 3991 mma]
320 3954 470 4036 duplex:
503 3962 613 4017 totum
643 3951 687 4015 de
712 3951 903 4015 dominica:
938 3952 1100 4015 memoria
1123 3961 1158 4015 et
1182 3953 1283 4016 missa
1309 3955 1356 4018 de

805 4310 817 4340 ⁴
833 4311 880 4361 SS.
894 4311 1018 4371 Tibunio,
1030 4324 1079 4362 ete

172 4382 185 4411 ⁸
258 4399 266 4430 z
283 4392 325 4443 97,
371 4417 378 4430 .
802 4375 960 4426 ‘dicuntum
977 4376 1017 4426 88.

175 4447 187 4478 ³
203 4456 230 4497 et
240 4447 319 4512 defore
329 4445 437 4496 iatum:
454 4444 496 4507 87,
509 4443 549 4494 88.
806 4439 932 4517 ⁸eritso5
940 4441 998 4491 fini:
1016 4441 1058 4503 87,
1070 4440 1112 4495 88.

176 4512 188 4543 ⁰
204 4512 260 4562 ad:
277 4513 389 4561 immed
401 4510 443 4573 87,
456 4510 496 4560 88.
796 4505 817 4537 ¹⁰
834 4507 896 4572 Moy
906 4523 942 4557 uu
