3326 5208
244 408 293 460 268
571 408 849 460 DIRECTORIUM
875 407 1143 460 SACERDOTUM.

245 561 387 628 Omelia
433 561 491 625 Ad
509 581 665 645 vesperas
687 562 731 626 de
752 562 847 640 sesto,
862 560 1008 626 solennis
1029 561 1190 625 memoria
1212 562 1256 626 de
1278 562 1459 639 dominica,

245 659 280 713 et
295 649 463 731 processio
478 647 544 713 fiat

289 772 414 849 (IVbi
446 770 531 838 fiunt
564 783 631 837 tres
664 772 1008 847 commemorationes,
1044 773 1078 835 in
1112 772 1151 836 ii.
1186 771 1267 835 seria
1299 770 1357 836 fiat
1389 793 1461 836 vna

247 860 543 1010 οοιηιῑιῖῑηιοτειῒίο,1
600 861 646 923 Et
691 861 792 923 missa
826 858 1050 944 dominicalis]
1070 868 1223 923 cantetur
1256 859 1383 923 ibidem
1425 862 1460 923 in

247 958 360 1029 caprtu
374 967 403 1010 o.

342 1117 378 1191 u
422 1069 1461 1240 uiuumemmiuiteuuiuli

248 1243 413 1322 laudibus,
428 1207 496 1308 vna
510 1244 702 1328 antiphona
1353 1210 1360 1222 .

290 1373 324 1517 pl
348 1369 445 1432 Feria
460 1369 509 1442 ii,
524 1369 567 1432 de
583 1368 671 1432 seria
719 1369 944 1451 Responsoria
965 1368 1101 1451 Dignus
1114 1390 1169 1433 es:
1193 1369 1293 1432 missa
1316 1370 1462 1434 domini-

250 1475 289 1517 ca
303 1475 337 1518 rs.

290 1572 326 1642 ΙΙ
349 1568 446 1630 Feria
468 1568 518 1631 iii.
541 1567 585 1631 de
607 1566 695 1631 feria
743 1568 968 1649 Responsoria
990 1566 1077 1630 illius
1100 1567 1188 1632 ferie.
1236 1568 1340 1632 Missa
1357 1568 1466 1632 Salus

240 1654 360 1735 populi.

252 1852 406 1937 Epistola
421 1864 455 1916 et
472 1853 684 1935 euangelium
701 1853 787 1916 illius
804 1852 890 1916 serie.

293 1984 328 2054 (Ι
352 1978 449 2041 Feria
464 2000 501 2041 .ν.
517 1978 560 2041 de
577 1977 663 2042 sesto
678 1977 749 2041 loci.

293 2108 327 2178 (I
352 2104 448 2166 Feria
463 2103 511 2166 ,vi
527 2104 570 2165 de
587 2101 674 2166 seria
723 2102 950 2185 Responsoria
965 2100 1100 2184 Dignus
1114 2098 1167 2165 cs.³

293 2234 329 2304 ΙΙ
352 2225 512 2305 Sabbat0,
527 2228 570 2292 de
586 2238 702 2291 sancta
719 2228 834 2290 Maria

294 2358 328 2428 (I
350 2352 418 2415 Vbi
443 2350 526 2415 fiunt
548 2363 615 2415 tres
649 2353 994 2429 commemorationes,
1034 2351 1072 2414 ln
1106 2351 1157 2415 iii.
1192 2350 1273 2414 seria
1307 2350 1365 2414 fiat
1396 2372 1467 2414 vna

253 2440 535 2502 commemoratio.
599 2439 644 2502 Et
675 2450 754 2502 tunc
786 2440 819 2502 in
851 2439 913 2502 iiii.
946 2439 1028 2502 feria
1058 2439 1214 2503 dicuntur
1237 2439 1467 2522 Responsoria

253 2527 394 2589 Locutus
410 2536 458 2589 cst
469 2550 481 2589 .·
503 2535 538 2589 et
554 2525 586 2589 in
603 2527 652 2591 ‚vi
669 2526 749 2590 feria
766 2527 993 2608 Responsoria
1018 2525 1100 2589 Vidi
1103 2535 1244 2606 portum.

431 2651 668 2727 (IDominica
699 2651 749 2714 iii.
793 2660 871 2733 post
915 2650 1038 2713 Pascat
1083 2658 1192 2713 totum
1230 2649 1286 2713 de'
1323 2650 1467 2713 semicio

432 2737 630 2801 dominicali.
677 2738 832 2801 Tercium
845 2737 1108 2820 Responsorium
1124 2758 1144 2800 a
1160 2738 1292 2801 duobus
1303 2747 1466 2801 cantetur.

257 2823 296 2886 In
314 2823 477 2901 laudibus,
492 2845 558 2888 vna
574 2825 765 2906 antiphona

254 2700 333 2771 April
350 2699 401 2771 12]

297 2953 331 3023 (I
356 2949 452 3011 Feria
467 2949 506 3012 ii.
522 2949 565 3013 de
589 2947 676 3012 feria.
723 2949 949 3031 Responsoria
971 2947 1106 3030 Dignus
1119 2969 1176 3012 es:
1200 2949 1301 3011 missa
1324 2948 1468 3011 domini-

254 3036 342 3098 calis.

298 3160 453 3235 (IFeria
487 3160 536 3224 .iii.
574 3159 618 3222 de
667 3159 891 3241 martyribus⁴
930 3158 1165 3224 Inuitatorium
1204 3160 1352 3242 duplex:
1397 3170 1467 3224 tres

256 3247 424 3324 lectiones,
439 3248 510 3310 sine
526 3247 686 3330 regimine
701 3246 800 3310 chori.

298 3370 454 3447 (IFeria
469 3371 530 3436 iiii.
547 3371 589 3434 de
605 3370 693 3434 feria
740 3370 966 3452 Responsoria
995 3371 1136 3433 Locutus
1156 3379 1210 3434 est.
1256 3370 1410 3454 Epistola
1433 3382 1468 3434 et

256 3458 468 3539 euangelium
484 3459 633 3522 eiusdem
651 3457 737 3521 ferie.

299 3589 333 3659 (I
358 3583 455 3646 Feria
470 3605 506 3647 .ν.
523 3584 566 3647 de
580 3582 666 3647 festo
681 3582 753 3646 loci.

300 3714 334 3784 (I
359 3709 456 3771 Feria
471 3709 519 3772 ,vi
535 3710 579 3772 de
594 3707 682 3771 seria
729 3708 954 3789 Responsoria
979 3707 1058 3771 Vidi
1062 3710 1216 3788 portam}

301 3838 335 3908 (I
360 3831 520 3910 Sabbat0,
535 3832 578 3896 de
593 3843 711 3896 sancta
728 3832 843 3895 Maria

300 3962 334 4032 (I
356 3957 425 4020 Vbi
457 3954 541 4020 fiunt
575 3967 641 4020 tres
672 3956 1017 4032 commemorationes,
1050 3956 1081 4018 in
1116 3956 1165 4019 .vi.
1200 3955 1280 4019 feria
1313 3954 1371 4019 fiat
1402 3976 1470 4019 vna

258 4044 540 4107 commemoratio.

291 4275 300 4306 ¹
318 4275 541 4326 commemoratio:
558 4293 605 4326 om.
619 4275 661 4338 87,
673 4276 713 4327 88.
918 4274 929 4306 ²
944 4276 977 4327 de
988 4275 1131 4326 dominica:
1149 4275 1190 4338 87,
1209 4275 1248 4326 88.

292 4340 303 4372 ⁸
319 4343 425 4407 epistola
436 4352 461 4391 et
472 4341 629 4406 euangelium
640 4342 752 4392 eiusdem
763 4342 841 4392 serie:
859 4343 915 4391 add.
930 4354 971 4404 97,
983 4355 1024 4392 01.

292 4406 303 4437 ⁴
319 4408 365 4457 SS.
381 4406 504 4465 Tiburtio,
517 4408 652 4457 Valeriano
663 4418 687 4457 et
700 4409 820 4457 Maxrmo.

292 4471 304 4502 ⁸
320 4472 427 4538 epistola
438 4482 463 4521 et
474 4472 631 4537 euangelium
643 4472 753 4523 eiusdem
765 4473 841 4522 serie:
858 4474 915 4521 add.
929 4483 971 4534 97,
983 4485 1024 4522 01.
