3316 5220
304 476 352 526 294
611 463 906 529 ⁸DIRECTORIUA!
933 464 1201 517 SACERDOTUM.

344 617 501 767 ῙςΙἙεῐία
516 616 554 681 .ῑὶ.
570 616 614 681 de
636 615 725 680 feria
772 616 998 700 Responsoria
1014 617 1148 700 Dignus
1161 640 1201 683 es.
1249 618 1355 682 Missa
1369 619 1519 683 domini·

304 724 343 768 ca
357 724 391 768 rs.

324 815 573 966 111[.Ι«”ει·ἰει.ἰίἰ.
596 816 640 880 de
662 824 780 880 sancto
803 815 939 880 Vitale:
972 825 1038 880 tres
1064 815 1223 882 lectiones
1248 836 1324 882 cum
1353 817 1521 901 regimine

305 925 323 966 C
347 924 404 968 Osi.

347 1022 382 1092 ΙΙ
405 1015 502 1079 Feria
524 1014 586 1079 iiii.
610 1014 653 1079 de
678 1015 766 1079 feria.
817 1015 1044 1098 Responsoria
1077 1016 1159 1080 Vidi
1171 1025 1313 1098 portam.
1361 1017 1522 1100 Epistola

305 1112 339 1168 et
355 1101 567 1186 euangelium
583 1101 627 1166 de
642 1102 781 1166 eadem¹

348 1221 383 1291 ΙΙ
406 1213 503 1278 Feria
518 1237 555 1279 .v.
570 1214 615 1278 de
630 1212 716 1278 sesto
732 1214 802 1278 loci.

349 1334 383 1404 (Ι
406 1327 504 1390 Feria
534 1326 583 1390 .vi.
614 1327 657 1390 de
686 1326 874 1409 apostolis,2
907 1325 1047 1389 Inferius
1078 1325 1215 1410 duplex.
1262 1326 1319 1391 Ad
1349 1347 1525 1410 vesperas,

306 1413 492 1497 antiphona
509 1413 580 1478 Sub
595 1422 687 1476 tuam
702 1412 891 1477 solenniter.

349 1532 383 1602 ΙΙ
406 1524 566 1603 Sabbato,
580 1524 624 1589 de
638 1534 754 1589 sancta
770 1525 886 1589 Maria

349 1644 383 1714 (Ι
405 1637 474 1702 Vbi
491 1635 575 1702 fiunt
589 1645 657 1701 tres
672 1637 1016 1713 commemorationes,
1032 1637 1066 1700 in
1087 1637 1150 1702 ‚iiii
1166 1635 1248 1701 feria
1271 1635 1329 1701 fiat
1343 1657 1412 1700 vna
1426 1657 1524 1702 com·

307 1725 512 1790 memoratio.
545 1725 592 1789 Et
602 1733 682 1787 tunc
692 1725 733 1788 in.
744 1725 775 1789 ii.
788 1724 868 1787 seria
878 1724 998 1788 dicitur
1010 1724 1274 1807 Responsorium
1294 1723 1523 1806 Vtiliportam.

353 1811 409 1876 Ad
435 1830 591 1895 vesperas
621 1812 665 1874 de
695 1811 810 1888 Cruce,
837 1810 983 1875 solennis
1014 1812 1176 1876 memoria
1205 1813 1249 1876 de
1279 1810 1524 1894 martyribus³;

308 1899 432 1964 deinde
447 1898 490 1963 de
505 1898 682 1975 dominica,
697 1908 732 1963 et
747 1898 916 1981 processio
931 1907 1011 1962 ante
1031 1918 1171 1963 crucem.

311 2059 370 2116 Mai
384 2057 422 2130 3']
486 2095 610 2161 Sancte
626 2096 760 2162 Crucis:
783 2097 893 2160 minus
905 2096 1041 2179 duplex.
1080 2097 1137 2161 Ad
1150 2098 1341 2175 matutinas,
1357 2099 1526 2162 memoria

310 2185 352 2248 de
383 2182 617 2268 martyribus⁴:
655 2182 856 2267 Antiphona
877 2183 956 2246 Lux
974 2193 1130 2266 perpetua
1167 2185 1298 2248 minor:
1335 2185 1524 2249 versiculus

313 2269 464 2335 Gaudete.
525 2270 658 2334 Deinde
686 2272 730 2337 de
760 2271 947 2335 dominica:
980 2270 1040 2333 sed
1073 2270 1164 2335 nulia
1199 2270 1257 2335 fiat
1282 2272 1447 2335 memoria
1477 2272 1526 2336 de

485 2015 519 2085 (Ι
542 2008 721 2073 Dominica
759 2009 822 2074 iiii.
864 2018 941 2093 post
973 2011 1085 2086 pasca,
1108 2019 1217 2075 totum
1242 2010 1285 2075 de
1318 2011 1525 2076 inuentione

311 2357 568 2422 resurrectione:
605 2359 653 2422 ⁶et
682 2358 849 2443 processio
875 2367 954 2421 ante
980 2377 1120 2422 crucem.
1186 2358 1353 2423 Secunde⁵
1380 2379 1526 2443 vespere
1629 2410 1630 2419 ,

309 2453 407 2508 erunt
421 2445 465 2510 de
480 2444 575 2522 sesto,
590 2453 624 2509 et
641 2446 802 2509 memoria
816 2444 860 2509 de
875 2443 1050 2508 dominica.

350 2557 509 2707 ῙςΙΡετίε
530 2557 569 2622 ,ii
592 2559 635 2622 de
658 2557 746 2622 feria
792 2555 1018 2641 Responsoria
1038 2555 1202 2623 Narrabo.
1248 2557 1354 2622 Missa
1375 2558 1525 2623 domini-

311 2663 349 2707 ca
363 2664 397 2708 rs.

353 2763 388 2833 ΙΙ
411 2757 439 2820 F
440 2757 508 2821 eria
523 2756 575 2821 ,iii
590 2756 633 2820 de
648 2755 735 2821 festo
750 2756 820 2820 ioci.

309 2875 387 3021 tq
410 2868 508 2934 Feria
537 2868 601 2933 ,iiii
638 2868 682 2932 de
719 2878 836 2933 sancto
877 2868 1027 2933 Iohanne
1064 2869 1242 2953 apostolo,⁴¹
1283 2871 1524 2935 Inuitatorium

326 2977 375 3040 np
388 2977 442 3021 ex.

354 3075 388 3145 (Ι
411 3068 509 3132 Feria
531 3089 568 3132 .ν.
592 3068 635 3131 de
652 3075 770 3131 sancto
800 3068 951 3132 Iohanne
969 3068 1011 3132 de
1035 3068 1236 3134 Beuerlacoz
1259 3078 1326 3134 tres
1352 3069 1527 3147 lectiones,

311 3177 387 3221 cum
404 3156 566 3239 regimine
580 3154 680 3218 chori.

356 3276 390 3346 (Ι
414 3269 511 3332 Feria
526 3267 574 3332 .vi.
591 3266 633 3331 de
648 3266 737 3332 feria.
783 3268 1010 3351 Responsoria
1025 3268 1206 3348 Hymnum.

356 3388 391 3458 ΙΙ
413 3380 574 3458 Sabbato,
589 3379 633 3444 de
647 3389 764 3443 sancta
781 3380 898 3444 Maria

357 3500 392 3570 ΙΙ
413 3493 482 3557 Vbi
508 3490 592 3556 fiunt
623 3501 690 3557 tres
724 3492 1070 3572 commemorationes,
1103 3492 1135 3556 in
1168 3494 1216 3558 .vi.
1251 3493 1332 3558 feria
1364 3492 1422 3558 fiat
1457 3518 1526 3560 vna

315 3579 597 3728 commemofiatio.
659 3579 716 3644 Ad
746 3600 913 3664 vesperas,
949 3580 1110 3645 memoria
1147 3582 1190 3645 de
1227 3581 1452 3663 martyribus?
1492 3593 1527 3647 et

315 3686 482 3751 processio
521 3676 564 3730 at

371 3829 377 3839 .
492 3777 728 3855 [Dominica
757 3800 803 3853 .v.,
835 3788 943 3843 totum
981 3780 1024 3843 de
1057 3779 1233 3843 dominica
1293 3780 1331 3843 In
1369 3778 1526 3846 laudibus

319 3831 378 3884 ΜΕ]
395 3824 448 3897 ω’]
493 3885 610 3929 omnes
625 3863 809 3948 antiphone
824 3867 1000 3943 dicuntur,8
1015 3876 1049 3931 et
1065 3867 1226 3930 memoria
1241 3867 1284 3930 de
1300 3867 1527 3948 martyribus'

316 3961 351 4017 et
365 3953 409 4016 de
424 3953 669 4017 resurrectione.

352 4320 358 4350 ¹
376 4320 455 4371 feria:
472 4323 529 4373 add.
542 4320 582 4372 88.
1037 4320 1049 4352 ²
1065 4322 1112 4374 SS.
1127 4322 1244 4388 Philippo
1254 4333 1280 4373 et
1292 4324 1394 4373 Iacobo.

351 4386 362 4417 ³
378 4386 425 4437 SS.
439 4387 593 4447 Alexandro,
607 4387 715 4439 Euentio
726 4397 751 4438 et
766 4387 915 4439 Theodulio.
1040 4387 1051 4418 ⁴
1067 4388 1113 4440 SS.
1133 4388 1287 4447 Alexandro,
1300 4399 1347 4439 etc.

351 4450 405 4489 ⁵-⁸
420 4468 467 4501 ont.
483 4452 525 4514 87,
537 4450 578 4503 88.
1038 4449 1050 4484 ⁶
1064 4463 1123 4504 ante
1134 4463 1198 4518 port.
1212 4454 1283 4504 latin.

351 4516 362 4548 ²
379 4516 427 4569 SS.
440 4518 579 4580 Gordiano,
592 4526 640 4569 etc
1040 4517 1052 4551 ⁸
1067 4518 1198 4569 dicanturt
1216 4517 1256 4569 88.
