<?xml version="1.0" encoding="UTF-8"?>
<!DOCTYPE html PUBLIC "-//W3C//DTD XHTML 1.0 Transitional//EN"
    "http://www.w3.org/TR/xhtml1/DTD/xhtml1-transitional.dtd">
<html xmlns="http://www.w3.org/1999/xhtml" xml:lang="en" lang="en">
 <head>
  <title>
</title>
<meta http-equiv="Content-Type" content="text/html;charset=utf-8" />
  <meta name='ocr-system' content='tesseract 3.04.00' />
  <meta name='ocr-capabilities' content='ocr_page ocr_carea ocr_par ocr_line ocrx_word'/>
</head>
<body>
  <div class='ocr_page' id='page_1' title='image "./ordinalesarvmsi00cathgoog/ordinalesarvmsi00cathgoog_0114.png"; bbox 0 0 3330 5218; ppageno 0'>
   <div class='ocr_carea' id='block_1_1' title="bbox 474 448 1382 513">
    <p class='ocr_par' dir='ltr' id='par_1_1' title="bbox 474 448 1382 513">
     <span class='ocr_line' id='line_1_1' title="bbox 474 448 1382 513; baseline -0.002 -14"><span class='ocrx_word' id='word_1_1' title='bbox 474 448 693 500; x_wconf 84' lang='lat' dir='ltr'><em>SECUNDUM</em></span> <span class='ocrx_word' id='word_1_2' title='bbox 710 450 745 498; x_wconf 80' lang='lat' dir='ltr'>A.</span> <span class='ocrx_word' id='word_1_3' title='bbox 779 449 857 498; x_wconf 71' lang='lat' dir='ltr'>xviii.</span> <span class='ocrx_word' id='word_1_4' title='bbox 882 463 925 498; x_wconf 79' lang='lat' dir='ltr'>xv.</span> <span class='ocrx_word' id='word_1_5' title='bbox 950 465 976 498; x_wconf 84' lang='lat' dir='ltr'>x.</span> <span class='ocrx_word' id='word_1_6' title='bbox 1001 449 1048 498; x_wconf 78' lang='lat' dir='ltr'>vii.</span> <span class='ocrx_word' id='word_1_7' title='bbox 1350 458 1382 513; x_wconf 81' lang='lat'>53</span> 
     </span>
    </p>
   </div>
   <div class='ocr_carea' id='block_1_2' title="bbox 177 600 1454 940">
    <p class='ocr_par' dir='ltr' id='par_1_2' title="bbox 177 600 1454 940">
     <span class='ocr_line' id='line_1_2' title="bbox 223 600 1381 680; baseline -0.001 -14"><span class='ocrx_word' id='word_1_8' title='bbox 223 609 258 680; x_wconf 88' lang='grc' dir='ltr'>(Ι</span> <span class='ocrx_word' id='word_1_9' title='bbox 282 603 380 666; x_wconf 88' lang='lat' dir='ltr'>Feria</span> <span class='ocrx_word' id='word_1_10' title='bbox 403 601 442 665; x_wconf 86' lang='lat' dir='ltr'>ii</span> <span class='ocrx_word' id='word_1_11' title='bbox 465 602 508 666; x_wconf 90' lang='lat' dir='ltr'>de</span> <span class='ocrx_word' id='word_1_12' title='bbox 531 610 647 664; x_wconf 86' lang='lat' dir='ltr'>sancta</span> <span class='ocrx_word' id='word_1_13' title='bbox 672 600 804 665; x_wconf 88' lang='lat' dir='ltr'>Batilde</span> <span class='ocrx_word' id='word_1_14' title='bbox 827 621 904 664; x_wconf 90' lang='lat' dir='ltr'>cum</span> <span class='ocrx_word' id='word_1_15' title='bbox 929 611 1099 664; x_wconf 86' lang='lat' dir='ltr'>nocturno.</span> <span class='ocrx_word' id='word_1_16' title='bbox 1146 601 1381 665; x_wconf 88' lang='lat' dir='ltr'>Inuitatorium</span> 
     </span>
     <span class='ocr_line' id='line_1_3' title="bbox 177 686 1454 774; baseline -0.003 -20"><span class='ocrx_word' id='word_1_17' title='bbox 177 690 347 774; x_wconf 87' lang='lat' dir='ltr'><strong>simplex:</strong></span> <span class='ocrx_word' id='word_1_18' title='bbox 379 688 425 752; x_wconf 86' lang='lat' dir='ltr'>et¹</span> <span class='ocrx_word' id='word_1_19' title='bbox 448 690 496 752; x_wconf 90' lang='lat' dir='ltr'>sic</span> <span class='ocrx_word' id='word_1_20' title='bbox 521 689 579 752; x_wconf 85' lang='lat' dir='ltr'>fiat</span> <span class='ocrx_word' id='word_1_21' title='bbox 601 690 633 750; x_wconf 90' lang='lat' dir='ltr'>in</span> <span class='ocrx_word' id='word_1_22' title='bbox 658 688 814 752; x_wconf 86' lang='lat' dir='ltr'>omnibus</span> <span class='ocrx_word' id='word_1_23' title='bbox 831 687 933 750; x_wconf 81' lang='lat' dir='ltr'>seriis²</span> <span class='ocrx_word' id='word_1_24' title='bbox 960 686 1043 763; x_wconf 85' lang='lat' dir='ltr'>tres†</span> <span class='ocrx_word' id='word_1_25' title='bbox 1069 687 1240 752; x_wconf 88' lang='lat' dir='ltr'>lectiones¹</span> <span class='ocrx_word' id='word_1_26' title='bbox 1256 738 1263 752; x_wconf 90' lang='lat'><strong>.</strong></span> <span class='ocrx_word' id='word_1_27' title='bbox 1278 708 1383 771; x_wconf 88' lang='lat' dir='ltr'>vsque</span> <span class='ocrx_word' id='word_1_28' title='bbox 1449 702 1454 709; x_wconf 83' lang='grc'><em>’</em></span> 
     </span>
     <span class='ocr_line' id='line_1_4' title="bbox 179 775 1381 860; baseline -0.003 -18"><span class='ocrx_word' id='word_1_29' title='bbox 179 779 223 842; x_wconf 92' lang='lat' dir='ltr'>ad</span> <span class='ocrx_word' id='word_1_30' title='bbox 241 787 343 860; x_wconf 91' lang='lat' dir='ltr'>caput</span> <span class='ocrx_word' id='word_1_31' title='bbox 359 776 480 839; x_wconf 89' lang='lat' dir='ltr'>ieiunii.</span> <span class='ocrx_word' id='word_1_32' title='bbox 525 776 802 857; x_wconf 82' lang='lat' dir='ltr'>Responsorium³</span> <span class='ocrx_word' id='word_1_33' title='bbox 823 775 974 857; x_wconf 76' lang='lat' dir='ltr'>Regnum</span> <span class='ocrx_word' id='word_1_34' title='bbox 997 775 1135 839; x_wconf 81' lang='lat' dir='ltr'>mundi:</span> <span class='ocrx_word' id='word_1_35' title='bbox 1162 775 1323 838; x_wconf 88' lang='lat' dir='ltr'>memoria</span> <span class='ocrx_word' id='word_1_36' title='bbox 1339 776 1381 838; x_wconf 92' lang='lat' dir='ltr'>de</span> 
     </span>
     <span class='ocr_line' id='line_1_5' title="bbox 182 861 879 940; baseline -0.006 -12"><span class='ocrx_word' id='word_1_37' title='bbox 182 875 298 928; x_wconf 83' lang='lat' dir='ltr'>sancta</span> <span class='ocrx_word' id='word_1_38' title='bbox 314 864 431 940; x_wconf 88' lang='lat' dir='ltr'>Maria,</span> <span class='ocrx_word' id='word_1_39' title='bbox 446 871 480 925; x_wconf 92' lang='lat' dir='ltr'>et</span> <span class='ocrx_word' id='word_1_40' title='bbox 495 863 539 925; x_wconf 89' lang='lat' dir='ltr'>de</span> <span class='ocrx_word' id='word_1_41' title='bbox 555 862 721 927; x_wconf 89' lang='lat' dir='ltr'>Omnibus</span> <span class='ocrx_word' id='word_1_42' title='bbox 738 861 879 926; x_wconf 75' lang='lat' dir='ltr'>Sanctis,</span> 
     </span>
    </p>
   </div>
   <div class='ocr_carea' id='block_1_3' title="bbox 224 981 1240 1060">
    <p class='ocr_par' dir='ltr' id='par_1_3' title="bbox 224 981 1240 1060">
     <span class='ocr_line' id='line_1_6' title="bbox 224 981 1240 1060; baseline -0.002 -13"><span class='ocrx_word' id='word_1_43' title='bbox 224 991 258 1060; x_wconf 99' lang='grc' dir='ltr'>(Ι</span> <span class='ocrx_word' id='word_1_44' title='bbox 281 984 379 1047; x_wconf 87' lang='lat' dir='ltr'>Feria</span> <span class='ocrx_word' id='word_1_45' title='bbox 394 982 445 1045; x_wconf 86' lang='lat' dir='ltr'>iii.</span> <span class='ocrx_word' id='word_1_46' title='bbox 462 982 504 1045; x_wconf 84' lang='lat' dir='ltr'>dc</span> <span class='ocrx_word' id='word_1_47' title='bbox 520 981 606 1044; x_wconf 81' lang='lat' dir='ltr'>sesto</span> <span class='ocrx_word' id='word_1_48' title='bbox 622 981 695 1056; x_wconf 89' lang='lat' dir='ltr'>loci,</span> <span class='ocrx_word' id='word_1_49' title='bbox 711 992 744 1044; x_wconf 88' lang='lat' dir='ltr'>ct</span> <span class='ocrx_word' id='word_1_50' title='bbox 760 981 920 1044; x_wconf 90' lang='lat' dir='ltr'>memoria</span> <span class='ocrx_word' id='word_1_51' title='bbox 934 982 977 1045; x_wconf 91' lang='lat' dir='ltr'>de</span> <span class='ocrx_word' id='word_1_52' title='bbox 993 990 1107 1045; x_wconf 86' lang='lat' dir='ltr'>sancta</span> <span class='ocrx_word' id='word_1_53' title='bbox 1124 981 1240 1045; x_wconf 84' lang='lat' dir='ltr'>Maria</span> 
     </span>
    </p>
   </div>
   <div class='ocr_carea' id='block_1_4' title="bbox 180 1187 1112 1270">
    <p class='ocr_par' dir='ltr' id='par_1_4' title="bbox 180 1187 1112 1270">
     <span class='ocr_line' id='line_1_7' title="bbox 180 1187 1112 1270; baseline -0.004 -16"><span class='ocrx_word' id='word_1_54' title='bbox 180 1191 225 1254; x_wconf 89' lang='lat' dir='ltr'>de</span> <span class='ocrx_word' id='word_1_55' title='bbox 240 1190 389 1254; x_wconf 88' lang='lat' dir='ltr'>secundo</span> <span class='ocrx_word' id='word_1_56' title='bbox 404 1198 576 1265; x_wconf 90' lang='lat' dir='ltr'>nocturno,</span> <span class='ocrx_word' id='word_1_57' title='bbox 591 1208 667 1251; x_wconf 90' lang='lat' dir='ltr'>cum</span> <span class='ocrx_word' id='word_1_58' title='bbox 684 1188 910 1270; x_wconf 89' lang='lat' dir='ltr'>Responsorio</span> <span class='ocrx_word' id='word_1_59' title='bbox 925 1187 1042 1250; x_wconf 84' lang='lat' dir='ltr'><em>Induit</em></span> <span class='ocrx_word' id='word_1_60' title='bbox 1056 1209 1112 1251; x_wconf 83' lang='lat' dir='ltr'>me.</span> 
     </span>
    </p>
   </div>
   <div class='ocr_carea' id='block_1_5' title="bbox 177 1306 1383 1549">
    <p class='ocr_par' dir='ltr' id='par_1_5' title="bbox 177 1306 1383 1549">
     <span class='ocr_line' id='line_1_8' title="bbox 224 1306 1383 1390; baseline -0.001 -18"><span class='ocrx_word' id='word_1_61' title='bbox 224 1317 258 1386; x_wconf 94' lang='grc' dir='ltr'>(Ι</span> <span class='ocrx_word' id='word_1_62' title='bbox 281 1310 379 1372; x_wconf 87' lang='lat' dir='ltr'>Feria</span> <span class='ocrx_word' id='word_1_63' title='bbox 394 1330 432 1371; x_wconf 87' lang='lat' dir='ltr'>.v.</span> <span class='ocrx_word' id='word_1_64' title='bbox 448 1307 571 1371; x_wconf 80' lang='lat' dir='ltr'>festum</span> <span class='ocrx_word' id='word_1_65' title='bbox 589 1306 841 1385; x_wconf 86' lang='lat' dir='ltr'>Purificationis‚</span> <span class='ocrx_word' id='word_1_66' title='bbox 853 1307 960 1370; x_wconf 87' lang='lat' dir='ltr'>maius</span> <span class='ocrx_word' id='word_1_67' title='bbox 972 1308 1108 1390; x_wconf 85' lang='lat' dir='ltr'>duplex.</span> <span class='ocrx_word' id='word_1_68' title='bbox 1146 1309 1203 1372; x_wconf 92' lang='lat' dir='ltr'>Ad</span> <span class='ocrx_word' id='word_1_69' title='bbox 1219 1310 1383 1372; x_wconf 89' lang='lat' dir='ltr'>secundas</span> 
     </span>
     <span class='ocr_line' id='line_1_9' title="bbox 177 1393 1383 1549; baseline -0.001 -90"><span class='ocrx_word' id='word_1_70' title='bbox 177 1397 527 1549; x_wconf 46' lang='lat' dir='ltr'>Jassffiiaiffnm&#39;</span> <span class='ocrx_word' id='word_1_71' title='bbox 550 1393 649 1472; x_wconf 82' lang='lat' dir='ltr'>Quod</span> <span class='ocrx_word' id='word_1_72' title='bbox 665 1394 780 1457; x_wconf 81' lang='lat' dir='ltr'>chorus</span> <span class='ocrx_word' id='word_1_73' title='bbox 802 1405 940 1458; x_wconf 86' lang='lat' dir='ltr'>vatum:</span> <span class='ocrx_word' id='word_1_74' title='bbox 962 1396 1054 1458; x_wconf 91' lang='lat' dir='ltr'>nulla</span> <span class='ocrx_word' id='word_1_75' title='bbox 1077 1394 1135 1459; x_wconf 87' lang='lat' dir='ltr'>fiat</span> <span class='ocrx_word' id='word_1_76' title='bbox 1158 1396 1318 1459; x_wconf 87' lang='lat' dir='ltr'>memoria</span> <span class='ocrx_word' id='word_1_77' title='bbox 1339 1397 1383 1459; x_wconf 88' lang='lat' dir='ltr'>de</span> 
     </span>
    </p>
   </div>
   <div class='ocr_carea' id='block_1_6' title="bbox 179 1601 1384 1773">
    <p class='ocr_par' dir='ltr' id='par_1_6' title="bbox 179 1601 1384 1773">
     <span class='ocr_line' id='line_1_10' title="bbox 223 1601 1384 1679; baseline 0.001 -14"><span class='ocrx_word' id='word_1_78' title='bbox 223 1610 257 1679; x_wconf 94' lang='grc' dir='ltr'>(Ι</span> <span class='ocrx_word' id='word_1_79' title='bbox 280 1603 378 1665; x_wconf 86' lang='lat' dir='ltr'>Feria</span> <span class='ocrx_word' id='word_1_80' title='bbox 404 1602 453 1664; x_wconf 89' lang='lat' dir='ltr'>.vi.</span> <span class='ocrx_word' id='word_1_81' title='bbox 478 1603 521 1664; x_wconf 88' lang='lat' dir='ltr'>de</span> <span class='ocrx_word' id='word_1_82' title='bbox 545 1611 663 1664; x_wconf 88' lang='lat' dir='ltr'>sancto</span> <span class='ocrx_word' id='word_1_83' title='bbox 687 1601 809 1678; x_wconf 92' lang='lat' dir='ltr'>Blasio,</span> <span class='ocrx_word' id='word_1_84' title='bbox 833 1611 899 1664; x_wconf 91' lang='lat' dir='ltr'>tres</span> <span class='ocrx_word' id='word_1_85' title='bbox 921 1601 1088 1678; x_wconf 84' lang='lat' dir='ltr'>lectiones,</span> <span class='ocrx_word' id='word_1_86' title='bbox 1111 1621 1186 1665; x_wconf 93' lang='lat' dir='ltr'>cum</span> <span class='ocrx_word' id='word_1_87' title='bbox 1211 1612 1384 1667; x_wconf 89' lang='lat' dir='ltr'>nocturno.</span> 
     </span>
     <span class='ocr_line' id='line_1_11' title="bbox 179 1688 673 1773; baseline -0.012 -17"><span class='ocrx_word' id='word_1_88' title='bbox 179 1690 375 1773; x_wconf 86' lang='lat' dir='ltr'><strong>Capitulum</strong></span> <span class='ocrx_word' id='word_1_89' title='bbox 395 1688 513 1753; x_wconf 84' lang='lat' dir='ltr'>Omnis</span> <span class='ocrx_word' id='word_1_90' title='bbox 520 1688 673 1770; x_wconf 75' lang='lat' dir='ltr'>pontifix.</span> 
     </span>
    </p>
   </div>
   <div class='ocr_carea' id='block_1_7' title="bbox 176 1806 1383 2065">
    <p class='ocr_par' dir='ltr' id='par_1_7' title="bbox 176 1806 1383 2065">
     <span class='ocr_line' id='line_1_12' title="bbox 223 1806 1383 1885; baseline -0.001 -12"><span class='ocrx_word' id='word_1_91' title='bbox 223 1816 257 1885; x_wconf 94' lang='grc' dir='ltr'>(Ι</span> <span class='ocrx_word' id='word_1_92' title='bbox 280 1808 440 1885; x_wconf 73' lang='lat' dir='ltr'>sabbato,</span> <span class='ocrx_word' id='word_1_93' title='bbox 460 1809 503 1870; x_wconf 93' lang='lat' dir='ltr'>de</span> <span class='ocrx_word' id='word_1_94' title='bbox 527 1820 644 1871; x_wconf 87' lang='lat' dir='ltr'>sancta</span> <span class='ocrx_word' id='word_1_95' title='bbox 668 1808 785 1871; x_wconf 80' lang='lat' dir='ltr'>Maria</span> <span class='ocrx_word' id='word_1_96' title='bbox 841 1807 908 1871; x_wconf 92' lang='lat' dir='ltr'>Vbi</span> <span class='ocrx_word' id='word_1_97' title='bbox 938 1806 1022 1870; x_wconf 89' lang='lat' dir='ltr'>fiunt</span> <span class='ocrx_word' id='word_1_98' title='bbox 1049 1819 1115 1871; x_wconf 88' lang='lat' dir='ltr'>tres</span> <span class='ocrx_word' id='word_1_99' title='bbox 1141 1828 1383 1872; x_wconf 90' lang='lat' dir='ltr'>commemora·</span> 
     </span>
     <span class='ocr_line' id='line_1_13' title="bbox 176 1894 1381 1978; baseline -0.002 -18"><span class='ocrx_word' id='word_1_100' title='bbox 176 1897 297 1973; x_wconf 70' lang='lat' dir='ltr'>tioneS,</span> <span class='ocrx_word' id='word_1_101' title='bbox 321 1897 355 1958; x_wconf 92' lang='lat' dir='ltr'>in</span> <span class='ocrx_word' id='word_1_102' title='bbox 380 1897 420 1957; x_wconf 86' lang='lat' dir='ltr'>.ii.</span> <span class='ocrx_word' id='word_1_103' title='bbox 446 1895 526 1958; x_wconf 87' lang='lat' dir='ltr'>seria</span> <span class='ocrx_word' id='word_1_104' title='bbox 552 1894 612 1958; x_wconf 87' lang='lat' dir='ltr'>fiat</span> <span class='ocrx_word' id='word_1_105' title='bbox 636 1896 755 1978; x_wconf 85' lang='lat' dir='ltr'>prima⁴</span> <span class='ocrx_word' id='word_1_106' title='bbox 782 1895 1076 1960; x_wconf 86' lang='lat' dir='ltr'>commemoratio:</span> <span class='ocrx_word' id='word_1_107' title='bbox 1100 1905 1134 1958; x_wconf 90' lang='lat' dir='ltr'>et</span> <span class='ocrx_word' id='word_1_108' title='bbox 1157 1896 1381 1978; x_wconf 88' lang='lat' dir='ltr'>Responsoria</span> 
     </span>
     <span class='ocr_line' id='line_1_14' title="bbox 178 1983 615 2065; baseline -0.002 -18"><span class='ocrx_word' id='word_1_109' title='bbox 178 1983 307 2047; x_wconf 82' lang='lat' dir='ltr'>ferialia</span> <span class='ocrx_word' id='word_1_110' title='bbox 322 1983 615 2065; x_wconf 87' lang='lat' dir='ltr'>pretermittantur.</span> 
     </span>
    </p>
   </div>
   <div class='ocr_carea' id='block_1_8' title="bbox 224 2101 1124 2184">
    <p class='ocr_par' dir='ltr' id='par_1_8' title="bbox 224 2101 1124 2184">
     <span class='ocr_line' id='line_1_15' title="bbox 224 2101 1124 2184; baseline 0.001 -19"><span class='ocrx_word' id='word_1_111' title='bbox 224 2109 258 2178; x_wconf 99' lang='grc' dir='ltr'>(Ι</span> <span class='ocrx_word' id='word_1_112' title='bbox 282 2102 459 2165; x_wconf 89' lang='lat' dir='ltr'>Dominica</span> <span class='ocrx_word' id='word_1_113' title='bbox 474 2101 507 2164; x_wconf 92' lang='lat' dir='ltr'>in</span> <span class='ocrx_word' id='word_1_114' title='bbox 525 2102 746 2184; x_wconf 84' lang='lat' dir='ltr'>sexagesima,</span> <span class='ocrx_word' id='word_1_115' title='bbox 757 2110 831 2164; x_wconf 88' lang='lat' dir='ltr'>tota</span> <span class='ocrx_word' id='word_1_116' title='bbox 845 2101 965 2164; x_wconf 90' lang='lat' dir='ltr'>dicitur</span> <span class='ocrx_word' id='word_1_117' title='bbox 979 2102 1124 2166; x_wconf 87' lang='lat' dir='ltr'>historia.</span> 
     </span>
    </p>
   </div>
   <div class='ocr_carea' id='block_1_9' title="bbox 180 2221 1382 2459">
    <p class='ocr_par' dir='ltr' id='par_1_9' title="bbox 180 2221 1382 2459">
     <span class='ocr_line' id='line_1_16' title="bbox 358 2221 1382 2305; baseline 0.001 -21"><span class='ocrx_word' id='word_1_118' title='bbox 358 2228 392 2297; x_wconf 99' lang='grc' dir='ltr'>(Ι</span> <span class='ocrx_word' id='word_1_119' title='bbox 415 2221 553 2285; x_wconf 85' lang='lat' dir='ltr'>Festum</span> <span class='ocrx_word' id='word_1_120' title='bbox 577 2231 692 2284; x_wconf 88' lang='lat' dir='ltr'>sancte</span> <span class='ocrx_word' id='word_1_121' title='bbox 716 2221 853 2303; x_wconf 84' lang='lat' dir='ltr'><strong>Agathe</strong></span> <span class='ocrx_word' id='word_1_122' title='bbox 868 2221 1039 2285; x_wconf 82' lang='lat' dir='ltr'>differatur</span> <span class='ocrx_word' id='word_1_123' title='bbox 1053 2242 1158 2305; x_wconf 84' lang='lat' dir='ltr'>vsque</span> <span class='ocrx_word' id='word_1_124' title='bbox 1175 2223 1232 2285; x_wconf 81' lang='lat' dir='ltr'>ad⁶</span> <span class='ocrx_word' id='word_1_125' title='bbox 1247 2222 1382 2285; x_wconf 88' lang='lat' dir='ltr'>terciam</span> 
     </span>
     <span class='ocr_line' id='line_1_17' title="bbox 181 2269 1382 2391; baseline 0.002 -21"><span class='ocrx_word' id='word_1_126' title='bbox 181 2274 250 2327; x_wconf 62' lang='lat' dir='ltr'><strong>Feb·</strong></span> <span class='ocrx_word' id='word_1_127' title='bbox 266 2269 303 2342; x_wconf 74' lang='lat'>5‘]</span> <span class='ocrx_word' id='word_1_128' title='bbox 359 2309 484 2372; x_wconf 79' lang='lat' dir='ltr'>seriam.</span> <span class='ocrx_word' id='word_1_129' title='bbox 520 2310 674 2373; x_wconf 86' lang='lat' dir='ltr'>Secunde</span> <span class='ocrx_word' id='word_1_130' title='bbox 684 2329 822 2391; x_wconf 80' lang='lat' dir='ltr'>vespere</span> <span class='ocrx_word' id='word_1_131' title='bbox 833 2318 931 2373; x_wconf 90' lang='lat' dir='ltr'>erunt</span> <span class='ocrx_word' id='word_1_132' title='bbox 940 2309 983 2372; x_wconf 89' lang='lat' dir='ltr'>de</span> <span class='ocrx_word' id='word_1_133' title='bbox 992 2309 1168 2387; x_wconf 87' lang='lat' dir='ltr'>dominica,</span> <span class='ocrx_word' id='word_1_134' title='bbox 1179 2319 1213 2373; x_wconf 90' lang='lat' dir='ltr'>et</span> <span class='ocrx_word' id='word_1_135' title='bbox 1223 2309 1382 2373; x_wconf 88' lang='lat' dir='ltr'>memoria</span> 
     </span>
     <span class='ocr_line' id='line_1_18' title="bbox 180 2394 492 2459; baseline -0.003 0"><span class='ocrx_word' id='word_1_136' title='bbox 180 2396 225 2459; x_wconf 90' lang='lat' dir='ltr'>de</span> <span class='ocrx_word' id='word_1_137' title='bbox 240 2394 492 2459; x_wconf 80' lang='lat' dir='ltr'>consessoribus.</span> 
     </span>
    </p>
   </div>
   <div class='ocr_carea' id='block_1_10' title="bbox 225 2514 1318 2592">
    <p class='ocr_par' dir='ltr' id='par_1_10' title="bbox 225 2514 1318 2592">
     <span class='ocr_line' id='line_1_19' title="bbox 225 2514 1318 2592; baseline 0.002 -15"><span class='ocrx_word' id='word_1_138' title='bbox 225 2521 259 2590; x_wconf 95' lang='grc' dir='ltr'>(Ι</span> <span class='ocrx_word' id='word_1_139' title='bbox 282 2514 310 2577; x_wconf 93' lang='lat' dir='ltr'>F</span> <span class='ocrx_word' id='word_1_140' title='bbox 312 2515 380 2579; x_wconf 88' lang='lat' dir='ltr'>eria</span> <span class='ocrx_word' id='word_1_141' title='bbox 394 2515 434 2577; x_wconf 85' lang='lat' dir='ltr'>.ii.</span> <span class='ocrx_word' id='word_1_142' title='bbox 450 2517 493 2578; x_wconf 89' lang='lat' dir='ltr'>de</span> <span class='ocrx_word' id='word_1_143' title='bbox 508 2515 633 2578; x_wconf 84' lang='lat' dir='ltr'>sanetis</span> <span class='ocrx_word' id='word_1_144' title='bbox 650 2515 803 2578; x_wconf 88' lang='lat' dir='ltr'>Vedasto</span> <span class='ocrx_word' id='word_1_145' title='bbox 818 2525 852 2578; x_wconf 92' lang='lat' dir='ltr'>et</span> <span class='ocrx_word' id='word_1_146' title='bbox 868 2514 1039 2592; x_wconf 63' lang='lat' dir='ltr'>rimando,</span> <span class='ocrx_word' id='word_1_147' title='bbox 1054 2536 1129 2578; x_wconf 94' lang='lat' dir='ltr'>cum</span> <span class='ocrx_word' id='word_1_148' title='bbox 1147 2526 1318 2579; x_wconf 74' lang='lat' dir='ltr'>nocturno,</span> 
     </span>
    </p>
   </div>
   <div class='ocr_carea' id='block_1_11' title="bbox 183 2634 1383 2803">
    <p class='ocr_par' dir='ltr' id='par_1_11' title="bbox 183 2634 1383 2803">
     <span class='ocr_line' id='line_1_20' title="bbox 223 2634 1383 2719; baseline 0.001 -22"><span class='ocrx_word' id='word_1_149' title='bbox 223 2639 258 2710; x_wconf 87' lang='grc' dir='ltr'>(Ι</span> <span class='ocrx_word' id='word_1_150' title='bbox 282 2635 379 2697; x_wconf 91' lang='lat' dir='ltr'>Feria</span> <span class='ocrx_word' id='word_1_151' title='bbox 394 2636 445 2697; x_wconf 82' lang='lat' dir='ltr'>iii.</span> <span class='ocrx_word' id='word_1_152' title='bbox 462 2635 503 2697; x_wconf 90' lang='lat' dir='ltr'>de</span> <span class='ocrx_word' id='word_1_153' title='bbox 520 2645 635 2697; x_wconf 89' lang='lat' dir='ltr'>sancta</span> <span class='ocrx_word' id='word_1_154' title='bbox 657 2634 805 2716; x_wconf 87' lang='lat' dir='ltr'>Agatha,</span> <span class='ocrx_word' id='word_1_155' title='bbox 827 2636 871 2697; x_wconf 85' lang='lat' dir='ltr'>ix.</span> <span class='ocrx_word' id='word_1_156' title='bbox 893 2635 1059 2713; x_wconf 85' lang='lat' dir='ltr'>lectiones,</span> <span class='ocrx_word' id='word_1_157' title='bbox 1077 2637 1149 2699; x_wconf 89' lang='lat' dir='ltr'>sine</span> <span class='ocrx_word' id='word_1_158' title='bbox 1164 2637 1383 2719; x_wconf 80' lang='lat' dir='ltr'>expositione.</span> 
     </span>
     <span class='ocr_line' id='line_1_21' title="bbox 183 2720 582 2803; baseline -0.01 -17"><span class='ocrx_word' id='word_1_159' title='bbox 183 2720 378 2803; x_wconf 85' lang='lat' dir='ltr'>Capitulum</span> <span class='ocrx_word' id='word_1_160' title='bbox 397 2721 582 2803; x_wconf 81' lang='lat' dir='ltr'>Confitebor.</span> 
     </span>
    </p>
   </div>
   <div class='ocr_carea' id='block_1_12' title="bbox 225 2961 681 3036">
    <p class='ocr_par' dir='ltr' id='par_1_12' title="bbox 225 2961 681 3036">
     <span class='ocr_line' id='line_1_22' title="bbox 225 2961 681 3036; baseline 0 -12"><span class='ocrx_word' id='word_1_161' title='bbox 225 2967 259 3036; x_wconf 99' lang='grc' dir='ltr'>(Ι</span> <span class='ocrx_word' id='word_1_162' title='bbox 282 2961 379 3024; x_wconf 74' lang='lat' dir='ltr'>feria</span> <span class='ocrx_word' id='word_1_163' title='bbox 394 2984 431 3024; x_wconf 90' lang='lat' dir='ltr'>.v.</span> <span class='ocrx_word' id='word_1_164' title='bbox 448 2962 491 3025; x_wconf 87' lang='lat' dir='ltr'>de</span> <span class='ocrx_word' id='word_1_165' title='bbox 507 2962 593 3025; x_wconf 83' lang='lat' dir='ltr'>sesto</span> <span class='ocrx_word' id='word_1_166' title='bbox 609 2962 681 3025; x_wconf 86' lang='lat' dir='ltr'>ioci.</span> 
     </span>
    </p>
   </div>
   <div class='ocr_carea' id='block_1_13' title="bbox 184 3081 1383 3250">
    <p class='ocr_par' dir='ltr' id='par_1_13' title="bbox 184 3081 1383 3250">
     <span class='ocr_line' id='line_1_23' title="bbox 225 3081 1383 3166; baseline 0.003 -23"><span class='ocrx_word' id='word_1_167' title='bbox 225 3087 259 3156; x_wconf 99' lang='grc' dir='ltr'>(Ι</span> <span class='ocrx_word' id='word_1_168' title='bbox 282 3081 379 3144; x_wconf 88' lang='lat' dir='ltr'>Feria</span> <span class='ocrx_word' id='word_1_169' title='bbox 401 3082 451 3145; x_wconf 87' lang='lat' dir='ltr'>.vi.</span> <span class='ocrx_word' id='word_1_170' title='bbox 474 3082 517 3145; x_wconf 86' lang='lat' dir='ltr'>de</span> <span class='ocrx_word' id='word_1_171' title='bbox 539 3092 657 3144; x_wconf 86' lang='lat' dir='ltr'>sancta</span> <span class='ocrx_word' id='word_1_172' title='bbox 676 3081 869 3159; x_wconf 88' lang='lat' dir='ltr'>Scoiastica‚</span> <span class='ocrx_word' id='word_1_173' title='bbox 883 3103 959 3145; x_wconf 90' lang='lat' dir='ltr'>cum</span> <span class='ocrx_word' id='word_1_174' title='bbox 976 3094 1146 3147; x_wconf 86' lang='lat' dir='ltr'>nocturno</span> <span class='ocrx_word' id='word_1_175' title='bbox 1192 3083 1383 3166; x_wconf 88' lang='lat' dir='ltr'>Capitulum</span> 
     </span>
     <span class='ocr_line' id='line_1_24' title="bbox 184 3165 451 3250; baseline 0.007 -21"><span class='ocrx_word' id='word_1_176' title='bbox 184 3165 255 3246; x_wconf 82' lang='lat' dir='ltr'>Qui</span> <span class='ocrx_word' id='word_1_177' title='bbox 261 3168 451 3250; x_wconf 75' lang='lat' dir='ltr'>gloriatur.⁶</span> 
     </span>
    </p>
   </div>
   <div class='ocr_carea' id='block_1_14' title="bbox 182 3287 1384 3458">
    <p class='ocr_par' dir='ltr' id='par_1_14' title="bbox 182 3287 1384 3458">
     <span class='ocr_line' id='line_1_25' title="bbox 225 3287 1384 3366; baseline 0 -14"><span class='ocrx_word' id='word_1_178' title='bbox 225 3294 259 3363; x_wconf 93' lang='grc' dir='ltr'>(Ι</span> <span class='ocrx_word' id='word_1_179' title='bbox 282 3287 444 3363; x_wconf 83' lang='lat' dir='ltr'>Sabbato,</span> <span class='ocrx_word' id='word_1_180' title='bbox 456 3289 498 3352; x_wconf 88' lang='lat' dir='ltr'>de</span> <span class='ocrx_word' id='word_1_181' title='bbox 510 3300 627 3352; x_wconf 88' lang='lat' dir='ltr'>sancta</span> <span class='ocrx_word' id='word_1_182' title='bbox 639 3288 754 3351; x_wconf 91' lang='lat' dir='ltr'>Maria.</span> <span class='ocrx_word' id='word_1_183' title='bbox 788 3289 855 3352; x_wconf 94' lang='lat' dir='ltr'>Vbi</span> <span class='ocrx_word' id='word_1_184' title='bbox 869 3288 953 3352; x_wconf 87' lang='lat' dir='ltr'>fiunt</span> <span class='ocrx_word' id='word_1_185' title='bbox 965 3300 1030 3353; x_wconf 89' lang='lat' dir='ltr'>tres</span> <span class='ocrx_word' id='word_1_186' title='bbox 1042 3290 1384 3366; x_wconf 76' lang='lat' dir='ltr'>commemorationeS,</span> 
     </span>
     <span class='ocr_line' id='line_1_26' title="bbox 182 3376 900 3458; baseline 0.001 -21"><span class='ocrx_word' id='word_1_187' title='bbox 182 3377 216 3438; x_wconf 90' lang='lat' dir='ltr'>in</span> <span class='ocrx_word' id='word_1_188' title='bbox 233 3376 296 3438; x_wconf 87' lang='lat' dir='ltr'>iiii.</span> <span class='ocrx_word' id='word_1_189' title='bbox 313 3376 393 3438; x_wconf 83' lang='lat' dir='ltr'>seria</span> <span class='ocrx_word' id='word_1_190' title='bbox 409 3376 480 3439; x_wconf 76' lang='lat' dir='ltr'>fiet&#39;</span> <span class='ocrx_word' id='word_1_191' title='bbox 495 3377 602 3458; x_wconf 89' lang='lat' dir='ltr'>prima</span> <span class='ocrx_word' id='word_1_192' title='bbox 617 3377 900 3439; x_wconf 86' lang='lat' dir='ltr'>commemoratio.</span> 
     </span>
    </p>
   </div>
   <div class='ocr_carea' id='block_1_15' title="bbox 184 3494 1341 3683">
    <p class='ocr_par' dir='ltr' id='par_1_15' title="bbox 184 3494 1341 3683">
     <span class='ocr_line' id='line_1_27' title="bbox 184 3494 1341 3578; baseline 0.005 -25"><span class='ocrx_word' id='word_1_193' title='bbox 184 3500 254 3554; x_wconf 85' lang='lat' dir='ltr'>Feb.</span> <span class='ocrx_word' id='word_1_194' title='bbox 270 3494 324 3568; x_wconf 88' lang='lat'>12.]</span> <span class='ocrx_word' id='word_1_195' title='bbox 362 3502 396 3571; x_wconf 95' lang='grc' dir='ltr'>(Ι</span> <span class='ocrx_word' id='word_1_196' title='bbox 420 3495 599 3558; x_wconf 89' lang='lat' dir='ltr'>Dominica</span> <span class='ocrx_word' id='word_1_197' title='bbox 615 3496 648 3557; x_wconf 88' lang='lat' dir='ltr'>in</span> <span class='ocrx_word' id='word_1_198' title='bbox 664 3497 951 3578; x_wconf 85' lang='lat' dir='ltr'>quinquagesima,</span> <span class='ocrx_word' id='word_1_199' title='bbox 967 3506 1039 3560; x_wconf 89' lang='lat' dir='ltr'>tota</span> <span class='ocrx_word' id='word_1_200' title='bbox 1053 3496 1183 3560; x_wconf 87' lang='lat' dir='ltr'>dicatur</span> <span class='ocrx_word' id='word_1_201' title='bbox 1198 3496 1341 3559; x_wconf 85' lang='lat' dir='ltr'>historia</span> 
     </span>
     <span class='ocr_line' id='line_1_28' title="bbox 225 3606 682 3683; baseline -0.004 -13"><span class='ocrx_word' id='word_1_202' title='bbox 225 3614 259 3683; x_wconf 99' lang='grc' dir='ltr'>(Ι</span> <span class='ocrx_word' id='word_1_203' title='bbox 283 3608 380 3670; x_wconf 89' lang='lat' dir='ltr'>Feria</span> <span class='ocrx_word' id='word_1_204' title='bbox 395 3607 434 3669; x_wconf 83' lang='lat' dir='ltr'>ii.</span> <span class='ocrx_word' id='word_1_205' title='bbox 451 3609 493 3669; x_wconf 90' lang='lat' dir='ltr'>de</span> <span class='ocrx_word' id='word_1_206' title='bbox 510 3606 595 3669; x_wconf 81' lang='lat' dir='ltr'>festo</span> <span class='ocrx_word' id='word_1_207' title='bbox 611 3607 682 3669; x_wconf 87' lang='lat' dir='ltr'>ioci.</span> 
     </span>
    </p>
   </div>
   <div class='ocr_carea' id='block_1_16' title="bbox 225 3726 1386 3928">
    <p class='ocr_par' dir='ltr' id='par_1_16' title="bbox 225 3726 1386 3928">
     <span class='ocr_line' id='line_1_29' title="bbox 226 3726 1386 3803; baseline -0.001 -13"><span class='ocrx_word' id='word_1_208' title='bbox 226 3733 260 3802; x_wconf 99' lang='grc' dir='ltr'>(Ι</span> <span class='ocrx_word' id='word_1_209' title='bbox 283 3727 380 3790; x_wconf 73' lang='lat' dir='ltr'>feria</span> <span class='ocrx_word' id='word_1_210' title='bbox 396 3727 447 3788; x_wconf 85' lang='lat' dir='ltr'>iii.</span> <span class='ocrx_word' id='word_1_211' title='bbox 463 3726 506 3789; x_wconf 89' lang='lat' dir='ltr'>de</span> <span class='ocrx_word' id='word_1_212' title='bbox 522 3737 639 3789; x_wconf 88' lang='lat' dir='ltr'>sancta</span> <span class='ocrx_word' id='word_1_213' title='bbox 656 3726 773 3803; x_wconf 87' lang='lat' dir='ltr'>Maria,</span> <span class='ocrx_word' id='word_1_214' title='bbox 787 3738 821 3790; x_wconf 88' lang='lat' dir='ltr'>et</span> <span class='ocrx_word' id='word_1_215' title='bbox 838 3728 999 3790; x_wconf 90' lang='lat' dir='ltr'>memoria</span> <span class='ocrx_word' id='word_1_216' title='bbox 1014 3729 1056 3792; x_wconf 91' lang='lat' dir='ltr'>de</span> <span class='ocrx_word' id='word_1_217' title='bbox 1072 3737 1189 3791; x_wconf 90' lang='lat' dir='ltr'>sancto</span> <span class='ocrx_word' id='word_1_218' title='bbox 1197 3727 1386 3792; x_wconf 89' lang='lat' dir='ltr'>Valentino.</span> 
     </span>
     <span class='ocr_line' id='line_1_30' title="bbox 225 3846 1110 3928; baseline 0.001 -19"><span class='ocrx_word' id='word_1_219' title='bbox 225 3852 260 3923; x_wconf 89' lang='grc' dir='ltr'>(Ι</span> <span class='ocrx_word' id='word_1_220' title='bbox 283 3847 381 3909; x_wconf 85' lang='lat' dir='ltr'>Feria</span> <span class='ocrx_word' id='word_1_221' title='bbox 395 3847 459 3908; x_wconf 85' lang='lat' dir='ltr'>iiii.</span> <span class='ocrx_word' id='word_1_222' title='bbox 475 3846 509 3908; x_wconf 91' lang='lat' dir='ltr'>in</span> <span class='ocrx_word' id='word_1_223' title='bbox 525 3847 634 3928; x_wconf 90' lang='lat' dir='ltr'>capite</span> <span class='ocrx_word' id='word_1_224' title='bbox 649 3846 769 3920; x_wconf 88' lang='lat' dir='ltr'>ieiunii,</span> <span class='ocrx_word' id='word_1_225' title='bbox 787 3847 829 3910; x_wconf 86' lang='lat' dir='ltr'>de</span> <span class='ocrx_word' id='word_1_226' title='bbox 844 3849 983 3910; x_wconf 86' lang='lat' dir='ltr'>seruicio</span> <span class='ocrx_word' id='word_1_227' title='bbox 999 3847 1110 3911; x_wconf 81' lang='lat' dir='ltr'>feriali.</span> 
     </span>
    </p>
   </div>
   <div class='ocr_carea' id='block_1_17' title="bbox 227 3965 1328 4051">
    <p class='ocr_par' dir='ltr' id='par_1_17' title="bbox 227 3965 1328 4051">
     <span class='ocr_line' id='line_1_31' title="bbox 227 3965 1328 4051; baseline 0.001 -21"><span class='ocrx_word' id='word_1_228' title='bbox 227 3972 261 4041; x_wconf 98' lang='grc' dir='ltr'>(Ι</span> <span class='ocrx_word' id='word_1_229' title='bbox 284 3966 447 4048; x_wconf 91' lang='lat' dir='ltr'>Sequenti</span> <span class='ocrx_word' id='word_1_230' title='bbox 464 3965 606 4028; x_wconf 87' lang='lat' dir='ltr'>sabbato</span> <span class='ocrx_word' id='word_1_231' title='bbox 622 3965 749 4029; x_wconf 81' lang='lat' dir='ltr'>ferialia</span> <span class='ocrx_word' id='word_1_232' title='bbox 766 3967 992 4051; x_wconf 89' lang='lat' dir='ltr'>Responsoria</span> <span class='ocrx_word' id='word_1_233' title='bbox 1008 3970 1131 4051; x_wconf 87' lang='lat' dir='ltr'>pariter</span> <span class='ocrx_word' id='word_1_234' title='bbox 1146 3977 1328 4032; x_wconf 87' lang='lat' dir='ltr'>cantentur.</span> 
     </span>
    </p>
   </div>
   <div class='ocr_carea' id='block_1_18' title="bbox 215 4158 1386 4422">
    <p class='ocr_par' dir='ltr' id='par_1_18' title="bbox 217 4158 1016 4225">
     <span class='ocr_line' id='line_1_32' title="bbox 217 4158 1016 4225; baseline 0.005 -16"><span class='ocrx_word' id='word_1_235' title='bbox 217 4158 267 4197; x_wconf 91' lang='lat'>¹—¹</span> <span class='ocrx_word' id='word_1_236' title='bbox 286 4159 357 4210; x_wconf 85' lang='lat' dir='ltr'>etsie</span> <span class='ocrx_word' id='word_1_237' title='bbox 369 4159 412 4208; x_wconf 81' lang='lat' dir='ltr'>fiet</span> <span class='ocrx_word' id='word_1_238' title='bbox 423 4159 449 4208; x_wconf 86' lang='lat' dir='ltr'>in</span> <span class='ocrx_word' id='word_1_239' title='bbox 460 4159 577 4210; x_wconf 88' lang='lat' dir='ltr'>omnibus</span> <span class='ocrx_word' id='word_1_240' title='bbox 587 4160 657 4210; x_wconf 80' lang='lat' dir='ltr'>festis</span> <span class='ocrx_word' id='word_1_241' title='bbox 667 4159 741 4211; x_wconf 83' lang='lat' dir='ltr'>trium</span> <span class='ocrx_word' id='word_1_242' title='bbox 753 4161 904 4212; x_wconf 81' lang='lat' dir='ltr'>lectionum:</span> <span class='ocrx_word' id='word_1_243' title='bbox 921 4173 962 4225; x_wconf 86' lang='lat'>97,</span> <span class='ocrx_word' id='word_1_244' title='bbox 975 4176 1016 4214; x_wconf 83' lang='grc' dir='ltr'>οι.</span> 
     </span>
    </p>

    <p class='ocr_par' dir='ltr' id='par_1_19' title="bbox 215 4224 1367 4350">
     <span class='ocr_line' id='line_1_33' title="bbox 215 4224 1367 4293; baseline 0.002 -19"><span class='ocrx_word' id='word_1_245' title='bbox 215 4224 227 4254; x_wconf 75' lang='lat'><strong>²</strong></span> <span class='ocrx_word' id='word_1_246' title='bbox 243 4224 329 4274; x_wconf 79' lang='lat' dir='ltr'>sestisr</span> <span class='ocrx_word' id='word_1_247' title='bbox 347 4224 388 4285; x_wconf 86' lang='lat'>87,</span> <span class='ocrx_word' id='word_1_248' title='bbox 400 4224 441 4283; x_wconf 87' lang='lat'>88,</span> <span class='ocrx_word' id='word_1_249' title='bbox 454 4237 494 4285; x_wconf 91' lang='lat'>97.</span> <span class='ocrx_word' id='word_1_250' title='bbox 898 4228 909 4258; x_wconf 82' lang='lat'><strong>³</strong></span> <span class='ocrx_word' id='word_1_251' title='bbox 926 4228 1029 4277; x_wconf 82' lang='lat' dir='ltr'>tercium</span> <span class='ocrx_word' id='word_1_252' title='bbox 1042 4227 1255 4293; x_wconf 79' lang='lat' dir='ltr'>Responsoriutu:</span> <span class='ocrx_word' id='word_1_253' title='bbox 1273 4225 1314 4288; x_wconf 90' lang='lat'>87,</span> <span class='ocrx_word' id='word_1_254' title='bbox 1326 4226 1367 4276; x_wconf 83' lang='lat'>88.</span> 
     </span>
     <span class='ocr_line' id='line_1_34' title="bbox 217 4289 474 4350; baseline -0.012 -10"><span class='ocrx_word' id='word_1_255' title='bbox 217 4289 228 4319; x_wconf 81' lang='lat'>⁴</span> <span class='ocrx_word' id='word_1_256' title='bbox 244 4290 288 4340; x_wconf 77' lang='lat' dir='ltr'>fiat</span> <span class='ocrx_word' id='word_1_257' title='bbox 298 4306 363 4339; x_wconf 88' lang='lat' dir='ltr'>una:</span> <span class='ocrx_word' id='word_1_258' title='bbox 381 4289 422 4350; x_wconf 85' lang='lat'>87,</span> <span class='ocrx_word' id='word_1_259' title='bbox 435 4289 474 4338; x_wconf 84' lang='grc'>88.</span> 
     </span>
    </p>

    <p class='ocr_par' dir='ltr' id='par_1_20' title="bbox 215 4354 1386 4422">
     <span class='ocr_line' id='line_1_35' title="bbox 215 4354 1386 4422; baseline 0.003 -18"><span class='ocrx_word' id='word_1_260' title='bbox 215 4354 226 4385; x_wconf 77' lang='lat'>⁵</span> <span class='ocrx_word' id='word_1_261' title='bbox 242 4356 269 4404; x_wconf 91' lang='lat' dir='ltr'>in</span> <span class='ocrx_word' id='word_1_262' title='bbox 280 4356 382 4404; x_wconf 83' lang='lat' dir='ltr'>terciam</span> <span class='ocrx_word' id='word_1_263' title='bbox 394 4354 481 4404; x_wconf 82' lang='lat' dir='ltr'>seriam</span> <span class='ocrx_word' id='word_1_264' title='bbox 492 4370 594 4419; x_wconf 80' lang='lat' dir='ltr'>vespere</span> <span class='ocrx_word' id='word_1_265' title='bbox 605 4364 676 4406; x_wconf 86' lang='lat' dir='ltr'>erunt</span> <span class='ocrx_word' id='word_1_266' title='bbox 687 4374 694 4405; x_wconf 74' lang='grc' dir='ltr'><strong><em>ι</em></strong></span> <span class='ocrx_word' id='word_1_267' title='bbox 706 4354 748 4419; x_wconf 90' lang='grc'>87,</span> <span class='ocrx_word' id='word_1_268' title='bbox 761 4356 800 4406; x_wconf 90' lang='grc'>88.</span> <span class='ocrx_word' id='word_1_269' title='bbox 837 4358 876 4407; x_wconf 91' lang='lat' dir='ltr'>De</span> <span class='ocrx_word' id='word_1_270' title='bbox 893 4357 941 4407; x_wconf 81' lang='lat' dir='ltr'>hac</span> <span class='ocrx_word' id='word_1_271' title='bbox 952 4359 1037 4422; x_wconf 81' lang='lat' dir='ltr'>regula</span> <span class='ocrx_word' id='word_1_272' title='bbox 1048 4357 1104 4408; x_wconf 67' lang='lat' dir='ltr'>ride</span> <span class='ocrx_word' id='word_1_273' title='bbox 1118 4360 1193 4408; x_wconf 76' lang='lat' dir='ltr'>Crede</span> <span class='ocrx_word' id='word_1_274' title='bbox 1204 4357 1295 4419; x_wconf 67' lang='lat' dir='ltr'>Muti,</span> <span class='ocrx_word' id='word_1_275' title='bbox 1306 4359 1334 4418; x_wconf 58' lang='grc' dir='ltr'>ὅ(</span> <span class='ocrx_word' id='word_1_276' title='bbox 1344 4357 1386 4419; x_wconf 83' lang='grc'>69,</span> 
     </span>
    </p>
   </div>
   <div class='ocr_carea' id='block_1_19' title="bbox 184 4418 1097 4550">
    <p class='ocr_par' dir='ltr' id='par_1_21' title="bbox 184 4418 1097 4550">
     <span class='ocr_line' id='line_1_36' title="bbox 184 4418 1097 4550; baseline 0.036 -18"><span class='ocrx_word' id='word_1_277' title='bbox 184 4419 233 4515; x_wconf 62' lang='lat'>¹³}</span> <span class='ocrx_word' id='word_1_278' title='bbox 243 4418 589 4550; x_wconf 53' lang='lat' dir='ltr'>‘ciiiiiaiuuoramn</span> <span class='ocrx_word' id='word_1_279' title='bbox 606 4501 653 4535; x_wconf 76' lang='lat' dir='ltr'>om.</span> <span class='ocrx_word' id='word_1_280' title='bbox 667 4483 709 4548; x_wconf 75' lang='lat'>8⁷,</span> <span class='ocrx_word' id='word_1_281' title='bbox 725 4484 764 4536; x_wconf 73' lang='grc'>88.</span> <span class='ocrx_word' id='word_1_282' title='bbox 898 4486 986 4548; x_wconf 67' lang='lat' dir='ltr'>⁷fiatz</span> <span class='ocrx_word' id='word_1_283' title='bbox 1003 4486 1097 4550; x_wconf 74' lang='lat'><strong>8⁷›⁸⁸·</strong></span> 
     </span>
    </p>
   </div>
   <div class='ocr_carea' id='block_1_20' title="bbox 0 0 1671 5218">
    <p class='ocr_par' dir='ltr' id='par_1_22' title="bbox 0 0 1671 5218">
     <span class='ocr_line' id='line_1_37' title="bbox 0 0 1671 5218; baseline 0 0"><span class='ocrx_word' id='word_1_284' title='bbox 0 0 1671 5218; x_wconf 95' lang='lat' dir='ltr'> </span> 
     </span>
    </p>
   </div>
  </div>
 </body>
</html>
