<?xml version="1.0" encoding="UTF-8"?>
<!DOCTYPE html PUBLIC "-//W3C//DTD XHTML 1.0 Transitional//EN"
    "http://www.w3.org/TR/xhtml1/DTD/xhtml1-transitional.dtd">
<html xmlns="http://www.w3.org/1999/xhtml" xml:lang="en" lang="en">
 <head>
  <title>
</title>
<meta http-equiv="Content-Type" content="text/html;charset=utf-8" />
  <meta name='ocr-system' content='tesseract 3.04.00' />
  <meta name='ocr-capabilities' content='ocr_page ocr_carea ocr_par ocr_line ocrx_word'/>
</head>
<body>
  <div class='ocr_page' id='page_1' title='image "./ordinalesarvmsi00cathgoog_0069.png"; bbox 0 0 3310 5206; ppageno 0'>
   <div class='ocr_carea' id='block_1_1' title="bbox 257 475 1118 527">
    <p class='ocr_par' dir='ltr' id='par_1_1' title="bbox 257 475 1118 527">
     <span class='ocr_line' id='line_1_1' title="bbox 257 475 1118 527; baseline -0.003 0"><span class='ocrx_word' id='word_1_1' title='bbox 257 478 289 527; x_wconf 83' lang='lat'>28</span> <span class='ocrx_word' id='word_1_2' title='bbox 566 475 841 527; x_wconf 86' lang='lat' dir='ltr'><em>DIRECTORIUM</em></span> <span class='ocrx_word' id='word_1_3' title='bbox 854 475 1118 526; x_wconf 80' lang='lat' dir='ltr'>SACERDOYUM.</span> 
     </span>
    </p>
   </div>
   <div class='ocr_carea' id='block_1_2' title="bbox 186 618 1471 1233">
    <p class='ocr_par' dir='ltr' id='par_1_2' title="bbox 186 618 1471 1233">
     <span class='ocr_line' id='line_1_2' title="bbox 301 618 1461 707; baseline -0.003 -13"><span class='ocrx_word' id='word_1_4' title='bbox 301 637 335 707; x_wconf 98' lang='grc' dir='ltr'>(Ι</span> <span class='ocrx_word' id='word_1_5' title='bbox 358 631 455 694; x_wconf 89' lang='lat' dir='ltr'>Feria</span> <span class='ocrx_word' id='word_1_6' title='bbox 477 630 539 693; x_wconf 81' lang='lat' dir='ltr'>iiii.</span> <span class='ocrx_word' id='word_1_7' title='bbox 563 629 605 693; x_wconf 94' lang='lat' dir='ltr'>de</span> <span class='ocrx_word' id='word_1_8' title='bbox 627 637 745 693; x_wconf 85' lang='lat' dir='ltr'>sancta</span> <span class='ocrx_word' id='word_1_9' title='bbox 767 618 876 691; x_wconf 76' lang='lat' dir='ltr'>Maria</span> <span class='ocrx_word' id='word_1_10' title='bbox 890 677 897 693; x_wconf 93' lang='lat'>.</span> <span class='ocrx_word' id='word_1_11' title='bbox 913 625 960 691; x_wconf 88' lang='lat' dir='ltr'>et¹</span> <span class='ocrx_word' id='word_1_12' title='bbox 976 628 1136 691; x_wconf 91' lang='lat' dir='ltr'>memoria</span> <span class='ocrx_word' id='word_1_13' title='bbox 1150 628 1193 691; x_wconf 93' lang='lat' dir='ltr'>de</span> <span class='ocrx_word' id='word_1_14' title='bbox 1208 638 1323 691; x_wconf 89' lang='lat' dir='ltr'>sancta</span> <span class='ocrx_word' id='word_1_15' title='bbox 1340 628 1461 691; x_wconf 71' lang='lat' dir='ltr'>Prisca.</span> 
     </span>
     <span class='ocr_line' id='line_1_3' title="bbox 257 712 1459 799; baseline -0.003 -19"><span class='ocrx_word' id='word_1_16' title='bbox 257 725 292 781; x_wconf 91' lang='lat' dir='ltr'>et</span> <span class='ocrx_word' id='word_1_17' title='bbox 309 718 343 780; x_wconf 91' lang='lat' dir='ltr'>in</span> <span class='ocrx_word' id='word_1_18' title='bbox 362 717 511 799; x_wconf 90' lang='lat' dir='ltr'>capitulo</span> <span class='ocrx_word' id='word_1_19' title='bbox 530 717 659 780; x_wconf 85' lang='lat' dir='ltr'>dicatur</span> <span class='ocrx_word' id='word_1_20' title='bbox 685 716 785 779; x_wconf 90' lang='lat' dir='ltr'>missa</span> <span class='ocrx_word' id='word_1_21' title='bbox 809 712 961 779; x_wconf 84' lang='lat' dir='ltr'>Adorate.</span> <span class='ocrx_word' id='word_1_22' title='bbox 1016 721 1050 791; x_wconf 99' lang='grc' dir='ltr'>(Ι</span> <span class='ocrx_word' id='word_1_23' title='bbox 1075 715 1150 778; x_wconf 88' lang='lat' dir='ltr'>Hac</span> <span class='ocrx_word' id='word_1_24' title='bbox 1173 715 1228 778; x_wconf 90' lang='lat' dir='ltr'>die</span> <span class='ocrx_word' id='word_1_25' title='bbox 1251 716 1294 779; x_wconf 90' lang='lat' dir='ltr'>ad</span> <span class='ocrx_word' id='word_1_26' title='bbox 1322 716 1459 778; x_wconf 88' lang='lat' dir='ltr'>missam</span> 
     </span>
     <span class='ocr_line' id='line_1_4' title="bbox 259 801 1464 885; baseline -0.003 -18"><span class='ocrx_word' id='word_1_27' title='bbox 259 805 400 867; x_wconf 76' lang='lat' dir='ltr'>dicatur¹</span> <span class='ocrx_word' id='word_1_28' title='bbox 422 803 514 885; x_wconf 79' lang='lat' dir='ltr'>kyrie</span> <span class='ocrx_word' id='word_1_29' title='bbox 532 853 539 867; x_wconf 92' lang='lat'>.</span> <span class='ocrx_word' id='word_1_30' title='bbox 558 803 766 884; x_wconf 78' lang='lat' dir='ltr'><em>Omnipotens</em></span> <span class='ocrx_word' id='word_1_31' title='bbox 788 851 796 864; x_wconf 89' lang='lat'>.</span> <span class='ocrx_word' id='word_1_32' title='bbox 818 812 852 865; x_wconf 90' lang='lat' dir='ltr'>et</span> <span class='ocrx_word' id='word_1_33' title='bbox 877 801 991 866; x_wconf 83' lang='lat' dir='ltr'><em>Gloria</em></span> <span class='ocrx_word' id='word_1_34' title='bbox 1013 802 1048 864; x_wconf 87' lang='lat' dir='ltr'>in</span> <span class='ocrx_word' id='word_1_35' title='bbox 1070 802 1198 865; x_wconf 79' lang='lat' dir='ltr'>excelsis</span> <span class='ocrx_word' id='word_1_36' title='bbox 1219 821 1296 864; x_wconf 91' lang='lat' dir='ltr'>cum</span> <span class='ocrx_word' id='word_1_37' title='bbox 1321 801 1464 865; x_wconf 78' lang='lat' dir='ltr'>sarsura⁸</span> 
     </span>
     <span class='ocr_line' id='line_1_5' title="bbox 260 887 1459 972; baseline -0.005 -17"><span class='ocrx_word' id='word_1_38' title='bbox 260 890 410 972; x_wconf 77' lang='lat' dir='ltr'><em>Spiritus</em></span> <span class='ocrx_word' id='word_1_39' title='bbox 426 900 459 953; x_wconf 81' lang='lat' dir='ltr'>et</span> <span class='ocrx_word' id='word_1_40' title='bbox 477 891 563 953; x_wconf 82' lang='lat' dir='ltr'>alme</span> <span class='ocrx_word' id='word_1_41' title='bbox 584 938 591 953; x_wconf 93' lang='lat'>.</span> <span class='ocrx_word' id='word_1_42' title='bbox 614 899 648 952; x_wconf 85' lang='lat' dir='ltr'>et</span> <span class='ocrx_word' id='word_1_43' title='bbox 673 887 865 953; x_wconf 77' lang='lat' dir='ltr'>Benedictus</span> <span class='ocrx_word' id='word_1_44' title='bbox 889 888 1024 953; x_wconf 72' lang='lat' dir='ltr'>Marii.⁴</span> <span class='ocrx_word' id='word_1_45' title='bbox 1068 888 1136 951; x_wconf 91' lang='lat' dir='ltr'>Vbi</span> <span class='ocrx_word' id='word_1_46' title='bbox 1162 888 1244 952; x_wconf 86' lang='lat' dir='ltr'>fiunt</span> <span class='ocrx_word' id='word_1_47' title='bbox 1273 899 1339 952; x_wconf 89' lang='lat' dir='ltr'>tres</span> <span class='ocrx_word' id='word_1_48' title='bbox 1368 908 1459 951; x_wconf 86' lang='lat' dir='ltr'>eom·</span> 
     </span>
     <span class='ocr_line' id='line_1_6' title="bbox 186 973 1471 1050; baseline -0.003 -10"><span class='ocrx_word' id='word_1_49' title='bbox 186 995 193 1014; x_wconf 74' lang='lat'><strong><em>‘</em></strong></span> <span class='ocrx_word' id='word_1_50' title='bbox 261 978 525 1050; x_wconf 79' lang='lat' dir='ltr'>memorationeS‚</span> <span class='ocrx_word' id='word_1_51' title='bbox 539 978 572 1040; x_wconf 90' lang='lat' dir='ltr'>in</span> <span class='ocrx_word' id='word_1_52' title='bbox 588 978 734 1039; x_wconf 90' lang='lat' dir='ltr'>secunda</span> <span class='ocrx_word' id='word_1_53' title='bbox 750 975 828 1039; x_wconf 87' lang='lat' dir='ltr'>seria</span> <span class='ocrx_word' id='word_1_54' title='bbox 844 973 903 1038; x_wconf 86' lang='lat' dir='ltr'>fiat</span> <span class='ocrx_word' id='word_1_55' title='bbox 914 995 980 1038; x_wconf 86' lang='lat' dir='ltr'>vna</span> <span class='ocrx_word' id='word_1_56' title='bbox 990 977 1272 1040; x_wconf 79' lang='lat' dir='ltr'>commemoratio</span> <span class='ocrx_word' id='word_1_57' title='bbox 1319 976 1364 1039; x_wconf 86' lang='lat' dir='ltr'>Et</span> <span class='ocrx_word' id='word_1_58' title='bbox 1380 985 1471 1038; x_wconf 88' lang='lat' dir='ltr'>tunc·</span> 
     </span>
     <span class='ocr_line' id='line_1_7' title="bbox 260 1060 1461 1147; baseline -0.003 -20"><span class='ocrx_word' id='word_1_59' title='bbox 260 1065 303 1127; x_wconf 94' lang='lat' dir='ltr'>ad</span> <span class='ocrx_word' id='word_1_60' title='bbox 326 1082 479 1147; x_wconf 83' lang='lat' dir='ltr'>vesperas</span> <span class='ocrx_word' id='word_1_61' title='bbox 505 1065 548 1127; x_wconf 94' lang='lat' dir='ltr'>de</span> <span class='ocrx_word' id='word_1_62' title='bbox 575 1063 630 1126; x_wconf 87' lang='lat' dir='ltr'>illa</span> <span class='ocrx_word' id='word_1_63' title='bbox 656 1063 972 1127; x_wconf 80' lang='lat' dir='ltr'>commemoratione</span> <span class='ocrx_word' id='word_1_64' title='bbox 1001 1060 1059 1126; x_wconf 89' lang='lat' dir='ltr'>fiet</span> <span class='ocrx_word' id='word_1_65' title='bbox 1088 1063 1248 1125; x_wconf 91' lang='lat' dir='ltr'>memoria</span> <span class='ocrx_word' id='word_1_66' title='bbox 1276 1063 1319 1126; x_wconf 91' lang='lat' dir='ltr'>de</span> <span class='ocrx_word' id='word_1_67' title='bbox 1343 1070 1461 1125; x_wconf 89' lang='lat' dir='ltr'>sancto</span> 
     </span>
     <span class='ocr_line' id='line_1_8' title="bbox 262 1149 1055 1233; baseline -0.003 -18"><span class='ocrx_word' id='word_1_68' title='bbox 262 1150 431 1233; x_wconf 88' lang='lat' dir='ltr'>Marcello,</span> <span class='ocrx_word' id='word_1_69' title='bbox 446 1152 488 1214; x_wconf 90' lang='lat' dir='ltr'>de</span> <span class='ocrx_word' id='word_1_70' title='bbox 503 1150 672 1215; x_wconf 88' lang='lat' dir='ltr'>dominica</span> <span class='ocrx_word' id='word_1_71' title='bbox 686 1153 733 1213; x_wconf 71' lang='lat' dir='ltr'>etl</span> <span class='ocrx_word' id='word_1_72' title='bbox 748 1151 790 1212; x_wconf 91' lang='lat' dir='ltr'>de</span> <span class='ocrx_word' id='word_1_73' title='bbox 805 1158 922 1212; x_wconf 90' lang='lat' dir='ltr'>sancta</span> <span class='ocrx_word' id='word_1_74' title='bbox 938 1149 1055 1213; x_wconf 90' lang='lat' dir='ltr'>Maria.</span> 
     </span>
    </p>
   </div>
   <div class='ocr_carea' id='block_1_3' title="bbox 302 1283 1465 1368">
    <p class='ocr_par' dir='ltr' id='par_1_3' title="bbox 302 1283 1465 1368">
     <span class='ocr_line' id='line_1_9' title="bbox 302 1283 1465 1368; baseline -0.002 -18"><span class='ocrx_word' id='word_1_75' title='bbox 302 1293 337 1363; x_wconf 94' lang='grc' dir='ltr'>(Ι</span> <span class='ocrx_word' id='word_1_76' title='bbox 360 1286 451 1350; x_wconf 91' lang='lat' dir='ltr'>Nota</span> <span class='ocrx_word' id='word_1_77' title='bbox 481 1287 571 1368; x_wconf 93' lang='lat' dir='ltr'>quod</span> <span class='ocrx_word' id='word_1_78' title='bbox 601 1285 710 1348; x_wconf 91' lang='lat' dir='ltr'>omnis</span> <span class='ocrx_word' id='word_1_79' title='bbox 744 1287 1018 1350; x_wconf 84' lang='lat' dir='ltr'>commemoratio</span> <span class='ocrx_word' id='word_1_80' title='bbox 1055 1283 1192 1349; x_wconf 90' lang='lat' dir='ltr'>habebit</span> <span class='ocrx_word' id='word_1_81' title='bbox 1222 1305 1300 1349; x_wconf 89' lang='lat' dir='ltr'>suas</span> <span class='ocrx_word' id='word_1_82' title='bbox 1336 1285 1465 1368; x_wconf 87' lang='lat' dir='ltr'>primas</span> 
     </span>
    </p>
   </div>
   <div class='ocr_carea' id='block_1_4' title="bbox 259 1372 1462 1629">
    <p class='ocr_par' dir='ltr' id='par_1_4' title="bbox 259 1372 1462 1629">
     <span class='ocr_line' id='line_1_10' title="bbox 260 1372 1462 1456; baseline -0.002 -19"><span class='ocrx_word' id='word_1_83' title='bbox 260 1393 424 1456; x_wconf 85' lang='lat' dir='ltr'>vesperas,</span> <span class='ocrx_word' id='word_1_84' title='bbox 449 1373 502 1437; x_wconf 89' lang='lat' dir='ltr'>vel</span> <span class='ocrx_word' id='word_1_85' title='bbox 527 1373 722 1435; x_wconf 82' lang='lat' dir='ltr'>memoriam</span> <span class='ocrx_word' id='word_1_86' title='bbox 746 1372 819 1435; x_wconf 92' lang='lat' dir='ltr'>loco</span> <span class='ocrx_word' id='word_1_87' title='bbox 842 1372 1023 1454; x_wconf 89' lang='lat' dir='ltr'>primarum</span> <span class='ocrx_word' id='word_1_88' title='bbox 1050 1392 1271 1455; x_wconf 88' lang='lat' dir='ltr'>vesperarum,</span> <span class='ocrx_word' id='word_1_89' title='bbox 1295 1374 1353 1435; x_wconf 90' lang='lat' dir='ltr'>sed</span> <span class='ocrx_word' id='word_1_90' title='bbox 1377 1392 1462 1435; x_wconf 91' lang='lat' dir='ltr'>nun·</span> 
     </span>
     <span class='ocr_line' id='line_1_11' title="bbox 259 1459 1461 1543; baseline -0.002 -20"><span class='ocrx_word' id='word_1_91' title='bbox 259 1481 360 1543; x_wconf 89' lang='lat' dir='ltr'>quam</span> <span class='ocrx_word' id='word_1_92' title='bbox 393 1459 528 1524; x_wconf 87' lang='lat' dir='ltr'>habebit</span> <span class='ocrx_word' id='word_1_93' title='bbox 561 1479 637 1522; x_wconf 89' lang='lat' dir='ltr'>suas</span> <span class='ocrx_word' id='word_1_94' title='bbox 671 1459 833 1522; x_wconf 88' lang='lat' dir='ltr'>secundas</span> <span class='ocrx_word' id='word_1_95' title='bbox 858 1478 1022 1540; x_wconf 88' lang='lat' dir='ltr'>vesperas,</span> <span class='ocrx_word' id='word_1_96' title='bbox 1050 1479 1110 1522; x_wconf 92' lang='lat' dir='ltr'>nec</span> <span class='ocrx_word' id='word_1_97' title='bbox 1140 1460 1241 1522; x_wconf 91' lang='lat' dir='ltr'>etiam</span> <span class='ocrx_word' id='word_1_98' title='bbox 1267 1459 1461 1522; x_wconf 84' lang='lat' dir='ltr'>memoriam</span> 
     </span>
     <span class='ocr_line' id='line_1_12' title="bbox 260 1547 801 1629; baseline 0.004 -20"><span class='ocrx_word' id='word_1_99' title='bbox 260 1547 333 1611; x_wconf 88' lang='lat' dir='ltr'>loco</span> <span class='ocrx_word' id='word_1_100' title='bbox 348 1548 567 1610; x_wconf 88' lang='lat' dir='ltr'>secundarum</span> <span class='ocrx_word' id='word_1_101' title='bbox 582 1565 801 1629; x_wconf 83' lang='lat' dir='ltr'>vesperarum</span> 
     </span>
    </p>
   </div>
   <div class='ocr_carea' id='block_1_5' title="bbox 258 1682 1472 2195">
    <p class='ocr_par' dir='ltr' id='par_1_5' title="bbox 258 1682 1472 2195">
     <span class='ocr_line' id='line_1_13' title="bbox 302 1682 1464 1766; baseline -0.001 -19"><span class='ocrx_word' id='word_1_102' title='bbox 302 1690 336 1760; x_wconf 99' lang='grc' dir='ltr'>(Ι</span> <span class='ocrx_word' id='word_1_103' title='bbox 360 1684 457 1747; x_wconf 88' lang='lat' dir='ltr'>Feria</span> <span class='ocrx_word' id='word_1_104' title='bbox 482 1705 519 1747; x_wconf 90' lang='lat' dir='ltr'>.v.</span> <span class='ocrx_word' id='word_1_105' title='bbox 547 1685 590 1747; x_wconf 94' lang='lat' dir='ltr'>de</span> <span class='ocrx_word' id='word_1_106' title='bbox 618 1693 735 1746; x_wconf 87' lang='lat' dir='ltr'>sancto</span> <span class='ocrx_word' id='word_1_107' title='bbox 760 1682 938 1746; x_wconf 90' lang='lat' dir='ltr'>Wulstano</span> <span class='ocrx_word' id='word_1_108' title='bbox 961 1684 1119 1766; x_wconf 88' lang='lat' dir='ltr'>episcopo</span> <span class='ocrx_word' id='word_1_109' title='bbox 1142 1693 1175 1746; x_wconf 87' lang='lat' dir='ltr'>et</span> <span class='ocrx_word' id='word_1_110' title='bbox 1198 1683 1386 1748; x_wconf 88' lang='lat' dir='ltr'>consessore</span> <span class='ocrx_word' id='word_1_111' title='bbox 1408 1683 1464 1747; x_wconf 87' lang='lat' dir='ltr'>.ix.</span> 
     </span>
     <span class='ocr_line' id='line_1_14' title="bbox 260 1769 1463 1854; baseline -0.002 -20"><span class='ocrx_word' id='word_1_112' title='bbox 260 1770 418 1835; x_wconf 88' lang='lat' dir='ltr'>lectiones</span> <span class='ocrx_word' id='word_1_113' title='bbox 444 1770 486 1833; x_wconf 94' lang='lat' dir='ltr'>de</span> <span class='ocrx_word' id='word_1_114' title='bbox 511 1770 688 1833; x_wconf 87' lang='lat' dir='ltr'>communi.</span> <span class='ocrx_word' id='word_1_115' title='bbox 734 1769 926 1852; x_wconf 88' lang='lat' dir='ltr'>Capitulum</span> <span class='ocrx_word' id='word_1_116' title='bbox 950 1769 1030 1833; x_wconf 84' lang='lat' dir='ltr'>Ecce</span> <span class='ocrx_word' id='word_1_117' title='bbox 1048 1772 1201 1834; x_wconf 84' lang='lat' dir='ltr'>sacerdos.</span> <span class='ocrx_word' id='word_1_118' title='bbox 1256 1771 1312 1834; x_wconf 90' lang='lat' dir='ltr'>Ad</span> <span class='ocrx_word' id='word_1_119' title='bbox 1337 1771 1463 1854; x_wconf 91' lang='lat' dir='ltr'>primas</span> 
     </span>
     <span class='ocr_line' id='line_1_15' title="bbox 260 1856 1464 1940; baseline -0.002 -19"><span class='ocrx_word' id='word_1_120' title='bbox 260 1878 415 1940; x_wconf 90' lang='lat' dir='ltr'>vesperas</span> <span class='ocrx_word' id='word_1_121' title='bbox 452 1866 486 1921; x_wconf 90' lang='lat' dir='ltr'>et</span> <span class='ocrx_word' id='word_1_122' title='bbox 524 1858 566 1920; x_wconf 89' lang='lat' dir='ltr'>ad</span> <span class='ocrx_word' id='word_1_123' title='bbox 605 1857 786 1920; x_wconf 88' lang='lat' dir='ltr'>matutinas</span> <span class='ocrx_word' id='word_1_124' title='bbox 818 1856 887 1920; x_wconf 80' lang='lat' dir='ltr'>fiet⁶</span> <span class='ocrx_word' id='word_1_125' title='bbox 918 1857 1077 1920; x_wconf 88' lang='lat' dir='ltr'>memoria</span> <span class='ocrx_word' id='word_1_126' title='bbox 1112 1858 1155 1920; x_wconf 90' lang='lat' dir='ltr'>de</span> <span class='ocrx_word' id='word_1_127' title='bbox 1192 1873 1308 1921; x_wconf 85' lang='lat' dir='ltr'>sancta</span> <span class='ocrx_word' id='word_1_128' title='bbox 1347 1857 1464 1919; x_wconf 91' lang='lat' dir='ltr'>Maria.</span> 
     </span>
     <span class='ocr_line' id='line_1_16' title="bbox 260 1943 1467 2027; baseline -0.002 -19"><span class='ocrx_word' id='word_1_129' title='bbox 260 1944 414 2009; x_wconf 86' lang='lat' dir='ltr'>Secunde</span> <span class='ocrx_word' id='word_1_130' title='bbox 451 1964 589 2027; x_wconf 86' lang='lat' dir='ltr'>vespere</span> <span class='ocrx_word' id='word_1_131' title='bbox 630 1950 726 2007; x_wconf 88' lang='lat' dir='ltr'>erunt</span> <span class='ocrx_word' id='word_1_132' title='bbox 765 1944 806 2006; x_wconf 90' lang='lat' dir='ltr'>de</span> <span class='ocrx_word' id='word_1_133' title='bbox 846 1944 1046 2026; x_wconf 85' lang='lat' dir='ltr'>martyribus</span> <span class='ocrx_word' id='word_1_134' title='bbox 1085 1944 1235 2008; x_wconf 87' lang='lat' dir='ltr'>Fabiano</span> <span class='ocrx_word' id='word_1_135' title='bbox 1271 1953 1305 2007; x_wconf 89' lang='lat' dir='ltr'>et</span> <span class='ocrx_word' id='word_1_136' title='bbox 1342 1943 1467 2009; x_wconf 89' lang='lat' dir='ltr'>Sebas-</span> 
     </span>
     <span class='ocr_line' id='line_1_17' title="bbox 258 2030 1472 2113; baseline -0.002 -18"><span class='ocrx_word' id='word_1_137' title='bbox 258 2033 359 2095; x_wconf 90' lang='lat' dir='ltr'>tiano.</span> <span class='ocrx_word' id='word_1_138' title='bbox 416 2030 607 2113; x_wconf 89' lang='lat' dir='ltr'>Capitulum</span> <span class='ocrx_word' id='word_1_139' title='bbox 636 2081 643 2093; x_wconf 92' lang='lat'>.</span> <span class='ocrx_word' id='word_1_140' title='bbox 669 2030 835 2093; x_wconf 71' lang='lat' dir='ltr'>[ustorum</span> <span class='ocrx_word' id='word_1_141' title='bbox 866 2030 983 2107; x_wconf 85' lang='lat' dir='ltr'>anime,</span> <span class='ocrx_word' id='word_1_142' title='bbox 1011 2041 1046 2094; x_wconf 90' lang='lat' dir='ltr'>et</span> <span class='ocrx_word' id='word_1_143' title='bbox 1073 2031 1233 2094; x_wconf 90' lang='lat' dir='ltr'>memoria</span> <span class='ocrx_word' id='word_1_144' title='bbox 1269 2032 1311 2095; x_wconf 90' lang='lat' dir='ltr'>de</span> <span class='ocrx_word' id='word_1_145' title='bbox 1348 2039 1472 2093; x_wconf 86' lang='lat' dir='ltr'>sancto</span> 
     </span>
     <span class='ocr_line' id='line_1_18' title="bbox 260 2117 815 2195; baseline -0.004 -13"><span class='ocrx_word' id='word_1_146' title='bbox 260 2117 447 2195; x_wconf 87' lang='lat' dir='ltr'>Wulstan0‚</span> <span class='ocrx_word' id='word_1_147' title='bbox 462 2128 495 2181; x_wconf 89' lang='lat' dir='ltr'>et</span> <span class='ocrx_word' id='word_1_148' title='bbox 511 2118 553 2181; x_wconf 91' lang='lat' dir='ltr'>de</span> <span class='ocrx_word' id='word_1_149' title='bbox 569 2122 684 2181; x_wconf 81' lang='lat' dir='ltr'>sancta</span> <span class='ocrx_word' id='word_1_150' title='bbox 701 2117 815 2180; x_wconf 85' lang='lat' dir='ltr'>Maria.</span> 
     </span>
    </p>
   </div>
   <div class='ocr_carea' id='block_1_6' title="bbox 258 2242 1466 2585">
    <p class='ocr_par' dir='ltr' id='par_1_6' title="bbox 258 2242 1466 2585">
     <span class='ocr_line' id='line_1_19' title="bbox 303 2242 1466 2323; baseline -0.001 -18"><span class='ocrx_word' id='word_1_151' title='bbox 303 2248 338 2318; x_wconf 94' lang='grc' dir='ltr'>(Ι</span> <span class='ocrx_word' id='word_1_152' title='bbox 361 2242 458 2305; x_wconf 87' lang='lat' dir='ltr'>Feria</span> <span class='ocrx_word' id='word_1_153' title='bbox 470 2243 517 2305; x_wconf 88' lang='lat' dir='ltr'>.vi.</span> <span class='ocrx_word' id='word_1_154' title='bbox 530 2244 573 2306; x_wconf 93' lang='lat' dir='ltr'>de</span> <span class='ocrx_word' id='word_1_155' title='bbox 590 2242 789 2323; x_wconf 88' lang='lat' dir='ltr'>martyribus</span> <span class='ocrx_word' id='word_1_156' title='bbox 807 2243 956 2306; x_wconf 87' lang='lat' dir='ltr'>Fabiano</span> <span class='ocrx_word' id='word_1_157' title='bbox 972 2250 1005 2305; x_wconf 91' lang='lat' dir='ltr'>et</span> <span class='ocrx_word' id='word_1_158' title='bbox 1022 2242 1229 2306; x_wconf 86' lang='lat' dir='ltr'>Sebastiano.</span> <span class='ocrx_word' id='word_1_159' title='bbox 1242 2242 1466 2318; x_wconf 61' lang='lat' dir='ltr'>helectiones</span> 
     </span>
     <span class='ocr_line' id='line_1_20' title="bbox 260 2328 1465 2410; baseline -0.001 -19"><span class='ocrx_word' id='word_1_160' title='bbox 260 2328 331 2391; x_wconf 89' lang='lat' dir='ltr'>sine</span> <span class='ocrx_word' id='word_1_161' title='bbox 346 2329 568 2410; x_wconf 85' lang='lat' dir='ltr'>expositione,</span> <span class='ocrx_word' id='word_1_162' title='bbox 583 2338 616 2391; x_wconf 87' lang='lat' dir='ltr'>et</span> <span class='ocrx_word' id='word_1_163' title='bbox 633 2330 792 2392; x_wconf 88' lang='lat' dir='ltr'>memoria</span> <span class='ocrx_word' id='word_1_164' title='bbox 807 2329 849 2391; x_wconf 91' lang='lat' dir='ltr'>de</span> <span class='ocrx_word' id='word_1_165' title='bbox 864 2339 983 2392; x_wconf 84' lang='lat' dir='ltr'>sancta·</span> <span class='ocrx_word' id='word_1_166' title='bbox 998 2329 1113 2392; x_wconf 88' lang='lat' dir='ltr'>Maria.</span> <span class='ocrx_word' id='word_1_167' title='bbox 1159 2330 1313 2394; x_wconf 83' lang='lat' dir='ltr'>Secunde</span> <span class='ocrx_word' id='word_1_168' title='bbox 1328 2348 1465 2410; x_wconf 86' lang='lat' dir='ltr'>vespere</span> 
     </span>
     <span class='ocr_line' id='line_1_21' title="bbox 258 2414 1464 2499; baseline 0.001 -22"><span class='ocrx_word' id='word_1_169' title='bbox 258 2426 356 2479; x_wconf 91' lang='lat' dir='ltr'>erunt</span> <span class='ocrx_word' id='word_1_170' title='bbox 371 2415 414 2478; x_wconf 90' lang='lat' dir='ltr'>de</span> <span class='ocrx_word' id='word_1_171' title='bbox 428 2429 544 2479; x_wconf 89' lang='lat' dir='ltr'>sancta</span> <span class='ocrx_word' id='word_1_172' title='bbox 556 2416 691 2499; x_wconf 86' lang='lat' dir='ltr'>Agnete</span> <span class='ocrx_word' id='word_1_173' title='bbox 708 2414 833 2498; x_wconf 83' lang='lat' dir='ltr'>virgine</span> <span class='ocrx_word' id='word_1_174' title='bbox 846 2466 852 2478; x_wconf 95' lang='lat'>.</span> <span class='ocrx_word' id='word_1_175' title='bbox 866 2415 1078 2498; x_wconf 85' lang='lat' dir='ltr'>Capitulum.</span> <span class='ocrx_word' id='word_1_176' title='bbox 1094 2415 1289 2497; x_wconf 80' lang='lat' dir='ltr'>Confitebor.</span> <span class='ocrx_word' id='word_1_177' title='bbox 1303 2415 1464 2478; x_wconf 89' lang='lat' dir='ltr'>memoria</span> 
     </span>
     <span class='ocr_line' id='line_1_22' title="bbox 260 2502 891 2585; baseline 0.003 -20"><span class='ocrx_word' id='word_1_178' title='bbox 260 2502 303 2565; x_wconf 90' lang='lat' dir='ltr'>de</span> <span class='ocrx_word' id='word_1_179' title='bbox 319 2502 528 2585; x_wconf 88' lang='lat' dir='ltr'>martyribus,</span> <span class='ocrx_word' id='word_1_180' title='bbox 543 2513 577 2566; x_wconf 93' lang='lat' dir='ltr'>et</span> <span class='ocrx_word' id='word_1_181' title='bbox 592 2504 635 2565; x_wconf 91' lang='lat' dir='ltr'>de</span> <span class='ocrx_word' id='word_1_182' title='bbox 650 2511 764 2565; x_wconf 86' lang='lat' dir='ltr'>sancta</span> <span class='ocrx_word' id='word_1_183' title='bbox 781 2504 891 2567; x_wconf 77' lang='lat' dir='ltr'>maria.</span> 
     </span>
    </p>
   </div>
   <div class='ocr_carea' id='block_1_7' title="bbox 262 2626 1469 2971">
    <p class='ocr_par' dir='ltr' id='par_1_7' title="bbox 262 2626 1469 2971">
     <span class='ocr_line' id='line_1_23' title="bbox 304 2626 1469 2710; baseline -0.002 -19"><span class='ocrx_word' id='word_1_184' title='bbox 304 2633 339 2703; x_wconf 94' lang='grc' dir='ltr'>(Ι</span> <span class='ocrx_word' id='word_1_185' title='bbox 361 2626 512 2692; x_wconf 89' lang='lat' dir='ltr'>Sabbato</span> <span class='ocrx_word' id='word_1_186' title='bbox 536 2628 578 2691; x_wconf 90' lang='lat' dir='ltr'>de</span> <span class='ocrx_word' id='word_1_187' title='bbox 601 2637 717 2691; x_wconf 84' lang='lat' dir='ltr'>sancta</span> <span class='ocrx_word' id='word_1_188' title='bbox 742 2626 885 2709; x_wconf 66' lang='lat' dir='ltr'>lignem,</span> <span class='ocrx_word' id='word_1_189' title='bbox 902 2629 946 2691; x_wconf 86' lang='lat' dir='ltr'>ix.</span> <span class='ocrx_word' id='word_1_190' title='bbox 963 2629 1130 2703; x_wconf 88' lang='lat' dir='ltr'>lectiones,</span> <span class='ocrx_word' id='word_1_191' title='bbox 1151 2629 1223 2690; x_wconf 89' lang='lat' dir='ltr'>sine</span> <span class='ocrx_word' id='word_1_192' title='bbox 1245 2627 1469 2710; x_wconf 83' lang='lat' dir='ltr'>expositione.</span> 
     </span>
     <span class='ocr_line' id='line_1_24' title="bbox 262 2713 1465 2797; baseline -0.001 -20"><span class='ocrx_word' id='word_1_193' title='bbox 262 2715 422 2777; x_wconf 89' lang='lat' dir='ltr'>memoria</span> <span class='ocrx_word' id='word_1_194' title='bbox 438 2716 480 2777; x_wconf 92' lang='lat' dir='ltr'>de</span> <span class='ocrx_word' id='word_1_195' title='bbox 496 2725 612 2778; x_wconf 86' lang='lat' dir='ltr'>sancta</span> <span class='ocrx_word' id='word_1_196' title='bbox 630 2715 746 2777; x_wconf 85' lang='lat' dir='ltr'>Maria</span> <span class='ocrx_word' id='word_1_197' title='bbox 792 2713 946 2779; x_wconf 88' lang='lat' dir='ltr'>Secunde</span> <span class='ocrx_word' id='word_1_198' title='bbox 961 2734 1097 2797; x_wconf 84' lang='lat' dir='ltr'>vespere</span> <span class='ocrx_word' id='word_1_199' title='bbox 1113 2724 1211 2777; x_wconf 89' lang='lat' dir='ltr'>erunt</span> <span class='ocrx_word' id='word_1_200' title='bbox 1227 2715 1268 2777; x_wconf 91' lang='lat' dir='ltr'>de</span> <span class='ocrx_word' id='word_1_201' title='bbox 1284 2715 1465 2777; x_wconf 77' lang='lat' dir='ltr'>dominica⁷</span> 
     </span>
     <span class='ocr_line' id='line_1_25' title="bbox 263 2801 1465 2885; baseline -0.001 -21"><span class='ocrx_word' id='word_1_202' title='bbox 263 2811 297 2864; x_wconf 88' lang='lat' dir='ltr'>et</span> <span class='ocrx_word' id='word_1_203' title='bbox 312 2804 472 2864; x_wconf 89' lang='lat' dir='ltr'>memoria</span> <span class='ocrx_word' id='word_1_204' title='bbox 488 2802 530 2865; x_wconf 94' lang='lat' dir='ltr'>de</span> <span class='ocrx_word' id='word_1_205' title='bbox 545 2814 661 2865; x_wconf 88' lang='lat' dir='ltr'>sancta</span> <span class='ocrx_word' id='word_1_206' title='bbox 678 2801 785 2864; x_wconf 89' lang='lat' dir='ltr'>Maria</span> <span class='ocrx_word' id='word_1_207' title='bbox 801 2812 834 2865; x_wconf 92' lang='lat' dir='ltr'>et</span> <span class='ocrx_word' id='word_1_208' title='bbox 849 2804 892 2866; x_wconf 92' lang='lat' dir='ltr'>de</span> <span class='ocrx_word' id='word_1_209' title='bbox 907 2812 1022 2865; x_wconf 85' lang='lat' dir='ltr'>sancta</span> <span class='ocrx_word' id='word_1_210' title='bbox 1039 2802 1181 2885; x_wconf 82' lang='lat' dir='ltr'>Agnete.</span> <span class='ocrx_word' id='word_1_211' title='bbox 1221 2802 1266 2865; x_wconf 90' lang='lat' dir='ltr'>Et</span> <span class='ocrx_word' id='word_1_212' title='bbox 1281 2802 1347 2865; x_wconf 89' lang='lat' dir='ltr'>due</span> <span class='ocrx_word' id='word_1_213' title='bbox 1364 2803 1465 2864; x_wconf 88' lang='lat' dir='ltr'>misse</span> 
     </span>
     <span class='ocr_line' id='line_1_26' title="bbox 262 2888 1464 2971; baseline -0.001 -20"><span class='ocrx_word' id='word_1_214' title='bbox 262 2888 500 2952; x_wconf 77' lang='lat' dir='ltr'>dominicales.⁸</span> <span class='ocrx_word' id='word_1_215' title='bbox 547 2888 665 2953; x_wconf 86' lang='lat' dir='ltr'>Omnis</span> <span class='ocrx_word' id='word_1_216' title='bbox 680 2898 776 2964; x_wconf 76' lang='lat' dir='ltr'>terro,</span> <span class='ocrx_word' id='word_1_217' title='bbox 793 2899 828 2952; x_wconf 91' lang='lat' dir='ltr'>et</span> <span class='ocrx_word' id='word_1_218' title='bbox 841 2888 997 2967; x_wconf 80' lang='lat' dir='ltr'>Adorate,</span> <span class='ocrx_word' id='word_1_219' title='bbox 1012 2908 1071 2971; x_wconf 88' lang='lat' dir='ltr'>per</span> <span class='ocrx_word' id='word_1_220' title='bbox 1087 2898 1193 2951; x_wconf 87' lang='lat' dir='ltr'>totam</span> <span class='ocrx_word' id='word_1_221' title='bbox 1217 2888 1464 2952; x_wconf 88' lang='lat' dir='ltr'>hebdomadam</span> 
     </span>
    </p>
   </div>
   <div class='ocr_carea' id='block_1_8' title="bbox 261 2975 1483 3444">
    <p class='ocr_par' dir='ltr' id='par_1_8' title="bbox 262 2975 637 3057">
     <span class='ocr_line' id='line_1_27' title="bbox 262 2975 637 3057; baseline 0 -19"><span class='ocrx_word' id='word_1_222' title='bbox 262 2976 295 3038; x_wconf 93' lang='lat' dir='ltr'>in</span> <span class='ocrx_word' id='word_1_223' title='bbox 312 2975 461 3057; x_wconf 90' lang='lat' dir='ltr'>capitulo</span> <span class='ocrx_word' id='word_1_224' title='bbox 476 2977 637 3039; x_wconf 89' lang='lat' dir='ltr'>dicuntur.</span> 
     </span>
    </p>

    <p class='ocr_par' dir='ltr' id='par_1_9' title="bbox 261 3098 1467 3251">
     <span class='ocr_line' id='line_1_28' title="bbox 261 3098 1467 3251; baseline -0.002 -89"><span class='ocrx_word' id='word_1_225' title='bbox 261 3152 316 3220; x_wconf 67' lang='lat' dir='ltr'>Jan</span> <span class='ocrx_word' id='word_1_226' title='bbox 338 3148 393 3221; x_wconf 64' lang='lat'>22]</span> <span class='ocrx_word' id='word_1_227' title='bbox 437 3107 471 3177; x_wconf 99' lang='grc' dir='ltr'>(Ι</span> <span class='ocrx_word' id='word_1_228' title='bbox 494 3101 672 3248; x_wconf 56' lang='lat' dir='ltr'>Dominilpa</span> <span class='ocrx_word' id='word_1_229' title='bbox 687 3100 719 3163; x_wconf 91' lang='lat' dir='ltr'>in</span> <span class='ocrx_word' id='word_1_230' title='bbox 736 3101 983 3251; x_wconf 69' lang='lat' dir='ltr'>septulagesima</span> <span class='ocrx_word' id='word_1_231' title='bbox 999 3101 1044 3164; x_wconf 86' lang='lat' dir='ltr'>xi.</span> <span class='ocrx_word' id='word_1_232' title='bbox 1054 3099 1218 3250; x_wconf 48' lang='grc' dir='ltr'>ΙζεΙεὲιόεί</span> <span class='ocrx_word' id='word_1_233' title='bbox 1226 3098 1379 3162; x_wconf 82' lang='lat' dir='ltr'>februarii</span> <span class='ocrx_word' id='word_1_234' title='bbox 1395 3109 1467 3161; x_wconf 91' lang='lat' dir='ltr'>tota</span> 
     </span>
     <span class='ocr_line' id='line_1_29' title="bbox 318 3186 1467 3250; baseline -0.003 0"><span class='ocrx_word' id='word_1_235' title='bbox 318 3191 324 3205; x_wconf 89' lang='lat'>&#39;</span> <span class='ocrx_word' id='word_1_236' title='bbox 374 3191 379 3204; x_wconf 89' lang='lat'>&#39;</span> <span class='ocrx_word' id='word_1_237' title='bbox 440 3197 592 3250; x_wconf 88' lang='lat' dir='ltr'>cantetur</span> <span class='ocrx_word' id='word_1_238' title='bbox 652 3189 694 3250; x_wconf 90' lang='lat' dir='ltr'>ist</span> <span class='ocrx_word' id='word_1_239' title='bbox 719 3189 773 3250; x_wconf 90' lang='lat' dir='ltr'>ria.</span> <span class='ocrx_word' id='word_1_240' title='bbox 845 3209 867 3249; x_wconf 86' lang='lat' dir='ltr'><em>n</em></span> <span class='ocrx_word' id='word_1_241' title='bbox 917 3187 1002 3250; x_wconf 79' lang='lat' dir='ltr'>rinei</span> <span class='ocrx_word' id='word_1_242' title='bbox 1021 3188 1058 3249; x_wconf 86' lang='lat' dir='ltr'>io.</span> <span class='ocrx_word' id='word_1_243' title='bbox 1150 3197 1164 3249; x_wconf 91' lang='lat' dir='ltr'>t</span> <span class='ocrx_word' id='word_1_244' title='bbox 1233 3196 1322 3249; x_wconf 91' lang='lat' dir='ltr'>stum</span> <span class='ocrx_word' id='word_1_245' title='bbox 1360 3186 1467 3248; x_wconf 88' lang='lat' dir='ltr'>sancti</span> 
     </span>
    </p>

    <p class='ocr_par' dir='ltr' id='par_1_10' title="bbox 262 3198 1483 3356">
     <span class='ocr_line' id='line_1_30' title="bbox 262 3198 1483 3356; baseline -0.001 -21"><span class='ocrx_word' id='word_1_246' title='bbox 262 3272 433 3336; x_wconf 87' lang='lat' dir='ltr'>Vincentii</span> <span class='ocrx_word' id='word_1_247' title='bbox 449 3273 620 3337; x_wconf 79' lang='lat' dir='ltr'>differatur</span> <span class='ocrx_word' id='word_1_248' title='bbox 636 3275 669 3336; x_wconf 92' lang='lat' dir='ltr'>in</span> <span class='ocrx_word' id='word_1_249' title='bbox 685 3209 865 3337; x_wconf 61' lang='lat' dir='ltr'>dicundum</span> <span class='ocrx_word' id='word_1_250' title='bbox 883 3198 1020 3338; x_wconf 53' lang='lat' dir='ltr'>sprimp</span> <span class='ocrx_word' id='word_1_251' title='bbox 1050 3272 1204 3338; x_wconf 88' lang='lat' dir='ltr'>Secunde</span> <span class='ocrx_word' id='word_1_252' title='bbox 1214 3207 1355 3356; x_wconf 64' lang='lat' dir='ltr'>irespere</span> <span class='ocrx_word' id='word_1_253' title='bbox 1371 3283 1483 3349; x_wconf 71' lang='lat' dir='ltr'>crunt</span> 
     </span>
    </p>

    <p class='ocr_par' dir='ltr' id='par_1_11' title="bbox 262 3359 1468 3444">
     <span class='ocr_line' id='line_1_31' title="bbox 262 3359 1468 3444; baseline -0.002 -19"><span class='ocrx_word' id='word_1_254' title='bbox 262 3360 629 3425; x_wconf 80' lang='lat' dir='ltr'>desanctoVincentiO.</span> <span class='ocrx_word' id='word_1_255' title='bbox 664 3359 1468 3444; x_wconf 66' lang='lat' dir='ltr'>Antiphonawlsearusvir.velAntiphona¹¹lsre</span> 
     </span>
    </p>
   </div>
   <div class='ocr_carea' id='block_1_9' title="bbox 264 3531 1481 4451">
    <p class='ocr_par' dir='ltr' id='par_1_12' title="bbox 264 3531 1481 3714">
     <span class='ocr_line' id='line_1_32' title="bbox 297 3531 1475 3599; baseline 0.002 -16"><span class='ocrx_word' id='word_1_256' title='bbox 297 3531 306 3562; x_wconf 93' lang='lat'>¹</span> <span class='ocrx_word' id='word_1_257' title='bbox 326 3534 461 3599; x_wconf 81' lang='lat' dir='ltr'>‘Quotidie</span> <span class='ocrx_word' id='word_1_258' title='bbox 474 3535 535 3586; x_wconf 85' lang='lat' dir='ltr'>fiant</span> <span class='ocrx_word' id='word_1_259' title='bbox 548 3534 685 3587; x_wconf 85' lang='lat' dir='ltr'>Memoriae</span> <span class='ocrx_word' id='word_1_260' title='bbox 697 3537 728 3587; x_wconf 92' lang='lat' dir='ltr'>de</span> <span class='ocrx_word' id='word_1_261' title='bbox 746 3538 772 3587; x_wconf 91' lang='lat' dir='ltr'>S.</span> <span class='ocrx_word' id='word_1_262' title='bbox 789 3537 871 3586; x_wconf 83' lang='lat' dir='ltr'>Maria</span> <span class='ocrx_word' id='word_1_263' title='bbox 882 3546 906 3586; x_wconf 89' lang='lat' dir='ltr'>et</span> <span class='ocrx_word' id='word_1_264' title='bbox 923 3537 955 3587; x_wconf 91' lang='lat' dir='ltr'>de</span> <span class='ocrx_word' id='word_1_265' title='bbox 967 3535 1083 3585; x_wconf 91' lang='lat' dir='ltr'>omnibus</span> <span class='ocrx_word' id='word_1_266' title='bbox 1095 3535 1194 3585; x_wconf 85' lang='lat' dir='ltr'>Sanctis</span> <span class='ocrx_word' id='word_1_267' title='bbox 1209 3535 1235 3584; x_wconf 90' lang='lat' dir='ltr'>in</span> <span class='ocrx_word' id='word_1_268' title='bbox 1246 3534 1315 3584; x_wconf 81' lang='lat' dir='ltr'>feriis</span> <span class='ocrx_word' id='word_1_269' title='bbox 1325 3546 1351 3584; x_wconf 85' lang='lat' dir='ltr'>et</span> <span class='ocrx_word' id='word_1_270' title='bbox 1362 3533 1388 3584; x_wconf 91' lang='lat' dir='ltr'>in</span> <span class='ocrx_word' id='word_1_271' title='bbox 1401 3534 1475 3585; x_wconf 74' lang='lat' dir='ltr'>iestis</span> 
     </span>
     <span class='ocr_line' id='line_1_33' title="bbox 264 3596 1481 3714; baseline 0.002 -67"><span class='ocrx_word' id='word_1_272' title='bbox 264 3596 339 3712; x_wconf 50' lang='lat' dir='ltr'>ibium</span> <span class='ocrx_word' id='word_1_273' title='bbox 355 3601 502 3714; x_wconf 46' lang='lat' dir='ltr'>pactionum,</span> <span class='ocrx_word' id='word_1_274' title='bbox 520 3604 647 3678; x_wconf 81' lang='lat' dir='ltr'>usquead</span> <span class='ocrx_word' id='word_1_275' title='bbox 664 3611 738 3668; x_wconf 89' lang='lat' dir='ltr'>caput</span> <span class='ocrx_word' id='word_1_276' title='bbox 754 3602 909 3668; x_wconf 77' lang='lat' dir='ltr'>jejuniorum</span> <span class='ocrx_word' id='word_1_277' title='bbox 930 3610 981 3651; x_wconf 81' lang='lat' dir='ltr'>tum</span> <span class='ocrx_word' id='word_1_278' title='bbox 998 3601 1031 3651; x_wconf 86' lang='lat' dir='ltr'>ad</span> <span class='ocrx_word' id='word_1_279' title='bbox 1043 3616 1159 3666; x_wconf 83' lang='lat' dir='ltr'>vesperas</span> <span class='ocrx_word' id='word_1_280' title='bbox 1170 3616 1245 3665; x_wconf 84' lang='lat' dir='ltr'>quam</span> <span class='ocrx_word' id='word_1_281' title='bbox 1257 3600 1290 3650; x_wconf 85' lang='lat' dir='ltr'>ad</span> <span class='ocrx_word' id='word_1_282' title='bbox 1311 3600 1481 3650; x_wconf 58' lang='lat' dir='ltr'>Matutinus?-</span> 
     </span>
    </p>

    <p class='ocr_par' dir='ltr' id='par_1_13' title="bbox 291 3679 534 3716">
     <span class='ocr_line' id='line_1_34' title="bbox 291 3679 534 3716; baseline 0.021 -4"><span class='ocrx_word' id='word_1_283' title='bbox 291 3679 341 3713; x_wconf 74' lang='grc' dir='ltr'>νιν.</span> <span class='ocrx_word' id='word_1_284' title='bbox 374 3682 534 3716; x_wconf 77' lang='lat' dir='ltr'>ar.ccccxx1.</span> 
     </span>
    </p>

    <p class='ocr_par' dir='ltr' id='par_1_14' title="bbox 297 3726 1444 3848">
     <span class='ocr_line' id='line_1_35' title="bbox 297 3726 1444 3848; baseline 0.001 -69"><span class='ocrx_word' id='word_1_285' title='bbox 297 3726 309 3823; x_wconf 58' lang='grc' dir='ltr'>ἰ</span> <span class='ocrx_word' id='word_1_286' title='bbox 324 3739 413 3843; x_wconf 64' lang='lat' dir='ltr'>captus</span> <span class='ocrx_word' id='word_1_287' title='bbox 423 3734 564 3846; x_wconf 54' lang='lat' dir='ltr'>suffimgld&#39;</span> <span class='ocrx_word' id='word_1_288' title='bbox 579 3744 620 3848; x_wconf 53' lang='lat' dir='ltr'>pp,</span> <span class='ocrx_word' id='word_1_289' title='bbox 632 3748 674 3796; x_wconf 86' lang='lat'>01,</span> <span class='ocrx_word' id='word_1_290' title='bbox 687 3732 729 3793; x_wconf 83' lang='lat'>08,</span> <span class='ocrx_word' id='word_1_291' title='bbox 744 3734 814 3783; x_wconf 86' lang='lat' dir='ltr'>Mass</span> <span class='ocrx_word' id='word_1_292' title='bbox 825 3732 854 3782; x_wconf 83' lang='lat' dir='ltr'>oi</span> <span class='ocrx_word' id='word_1_293' title='bbox 863 3733 905 3782; x_wconf 83' lang='lat' dir='ltr'>the</span> <span class='ocrx_word' id='word_1_294' title='bbox 915 3728 962 3794; x_wconf 88' lang='lat' dir='ltr'>4th</span> <span class='ocrx_word' id='word_1_295' title='bbox 972 3730 1075 3795; x_wconf 88' lang='lat' dir='ltr'>Sunday</span> <span class='ocrx_word' id='word_1_296' title='bbox 1086 3730 1150 3781; x_wconf 81' lang='lat' dir='ltr'>aster</span> <span class='ocrx_word' id='word_1_297' title='bbox 1162 3730 1296 3796; x_wconf 79' lang='lat' dir='ltr'>Epiplrany</span> <span class='ocrx_word' id='word_1_298' title='bbox 1308 3730 1444 3791; x_wconf 77' lang='lat' dir='ltr'>(Adorote).</span> 
     </span>
    </p>

    <p class='ocr_par' dir='ltr' id='par_1_15' title="bbox 324 3805 1245 3859">
     <span class='ocr_line' id='line_1_36' title="bbox 324 3805 1245 3859; baseline 0.005 -17"><span class='ocrx_word' id='word_1_299' title='bbox 324 3811 359 3843; x_wconf 84' lang='lat' dir='ltr'>scr</span> <span class='ocrx_word' id='word_1_300' title='bbox 372 3806 436 3847; x_wconf 87' lang='lat' dir='ltr'>rcet:</span> <span class='ocrx_word' id='word_1_301' title='bbox 503 3835 509 3847; x_wconf 90' lang='lat'>.</span> <span class='ocrx_word' id='word_1_302' title='bbox 542 3809 565 3859; x_wconf 92' lang='lat'>7,</span> <span class='ocrx_word' id='word_1_303' title='bbox 612 3837 618 3849; x_wconf 91' lang='lat'>.</span> <span class='ocrx_word' id='word_1_304' title='bbox 975 3805 980 3814; x_wconf 89' lang='lat'>&#39;</span> <span class='ocrx_word' id='word_1_305' title='bbox 1243 3844 1245 3847; x_wconf 79' lang='grc'>,</span> 
     </span>
    </p>

    <p class='ocr_par' dir='ltr' id='par_1_16' title="bbox 267 3857 1470 3991">
     <span class='ocr_line' id='line_1_37' title="bbox 298 3857 1470 3927; baseline 0.003 -19"><span class='ocrx_word' id='word_1_306' title='bbox 298 3857 308 3888; x_wconf 70' lang='lat'>⁴</span> <span class='ocrx_word' id='word_1_307' title='bbox 325 3870 350 3909; x_wconf 89' lang='lat' dir='ltr'>et</span> <span class='ocrx_word' id='word_1_308' title='bbox 363 3862 512 3912; x_wconf 77' lang='lat' dir='ltr'>Benedictus</span> <span class='ocrx_word' id='word_1_309' title='bbox 525 3864 621 3914; x_wconf 81' lang='lat' dir='ltr'>Merie:</span> <span class='ocrx_word' id='word_1_310' title='bbox 638 3882 686 3916; x_wconf 87' lang='lat' dir='ltr'>om.</span> <span class='ocrx_word' id='word_1_311' title='bbox 700 3862 742 3926; x_wconf 86' lang='lat'>87,</span> <span class='ocrx_word' id='word_1_312' title='bbox 755 3862 795 3914; x_wconf 82' lang='lat'>88.</span> <span class='ocrx_word' id='word_1_313' title='bbox 831 3863 981 3913; x_wconf 83' lang='lat' dir='ltr'>Benedictus</span> <span class='ocrx_word' id='word_1_314' title='bbox 998 3861 1079 3911; x_wconf 76' lang='lat' dir='ltr'>utarie</span> <span class='ocrx_word' id='word_1_315' title='bbox 1097 3862 1118 3910; x_wconf 81' lang='lat' dir='ltr'>F</span> <span class='ocrx_word' id='word_1_316' title='bbox 1120 3862 1176 3911; x_wconf 87' lang='lat' dir='ltr'>ilius</span> <span class='ocrx_word' id='word_1_317' title='bbox 1186 3860 1229 3927; x_wconf 88' lang='lat' dir='ltr'>qui</span> <span class='ocrx_word' id='word_1_318' title='bbox 1240 3860 1308 3911; x_wconf 85' lang='lat' dir='ltr'>venit</span> <span class='ocrx_word' id='word_1_319' title='bbox 1325 3860 1351 3909; x_wconf 90' lang='lat' dir='ltr'>in</span> <span class='ocrx_word' id='word_1_320' title='bbox 1368 3860 1470 3911; x_wconf 88' lang='lat' dir='ltr'>nomine</span> 
     </span>
     <span class='ocr_line' id='line_1_38' title="bbox 267 3924 1167 3991; baseline 0.003 -19"><span class='ocrx_word' id='word_1_321' title='bbox 267 3924 379 3975; x_wconf 86' lang='lat' dir='ltr'>Domini.</span> <span class='ocrx_word' id='word_1_322' title='bbox 416 3928 463 3977; x_wconf 87' lang='lat' dir='ltr'>See</span> <span class='ocrx_word' id='word_1_323' title='bbox 475 3929 686 3980; x_wconf 79' lang='lat' dir='ltr'>MissaleSarum</span> <span class='ocrx_word' id='word_1_324' title='bbox 697 3931 745 3980; x_wconf 89' lang='lat' dir='ltr'>col.</span> <span class='ocrx_word' id='word_1_325' title='bbox 759 3928 816 3978; x_wconf 85' lang='lat'>610.</span> <span class='ocrx_word' id='word_1_326' title='bbox 864 3929 927 3977; x_wconf 82' lang='lat' dir='ltr'>l&#39;ork</span> <span class='ocrx_word' id='word_1_327' title='bbox 938 3928 1033 3977; x_wconf 87' lang='lat' dir='ltr'>Missal</span> <span class='ocrx_word' id='word_1_328' title='bbox 1041 3928 1057 3975; x_wconf 89' lang='lat' dir='ltr'>i.</span> <span class='ocrx_word' id='word_1_329' title='bbox 1072 3943 1096 3991; x_wconf 86' lang='lat' dir='ltr'>p.</span> <span class='ocrx_word' id='word_1_330' title='bbox 1114 3927 1167 3976; x_wconf 88' lang='lat'>181.</span> 
     </span>
    </p>

    <p class='ocr_par' dir='ltr' id='par_1_17' title="bbox 299 3988 1174 4054">
     <span class='ocr_line' id='line_1_39' title="bbox 299 3988 1174 4054; baseline 0.002 -15"><span class='ocrx_word' id='word_1_331' title='bbox 299 3988 369 4041; x_wconf 63' lang='lat' dir='ltr'>let:</span> <span class='ocrx_word' id='word_1_332' title='bbox 386 4008 434 4043; x_wconf 84' lang='lat' dir='ltr'>om.</span> <span class='ocrx_word' id='word_1_333' title='bbox 448 3991 489 4054; x_wconf 89' lang='lat'>87,</span> <span class='ocrx_word' id='word_1_334' title='bbox 503 3993 542 4043; x_wconf 90' lang='lat'>88.</span> <span class='ocrx_word' id='word_1_335' title='bbox 921 3991 1007 4042; x_wconf 67' lang='lat' dir='ltr'>“fiatt</span> <span class='ocrx_word' id='word_1_336' title='bbox 1025 4004 1066 4054; x_wconf 89' lang='lat'>97,</span> <span class='ocrx_word' id='word_1_337' title='bbox 1079 4005 1121 4052; x_wconf 93' lang='lat'>01,</span> <span class='ocrx_word' id='word_1_338' title='bbox 1133 3992 1174 4041; x_wconf 89' lang='lat'>08.</span> 
     </span>
    </p>

    <p class='ocr_par' dir='ltr' id='par_1_18' title="bbox 267 4053 1472 4189">
     <span class='ocr_line' id='line_1_40' title="bbox 299 4053 1472 4125; baseline 0.003 -21"><span class='ocrx_word' id='word_1_339' title='bbox 299 4053 310 4086; x_wconf 79' lang='lat'>⁷</span> <span class='ocrx_word' id='word_1_340' title='bbox 326 4065 351 4104; x_wconf 84' lang='lat' dir='ltr'>et</span> <span class='ocrx_word' id='word_1_341' title='bbox 362 4055 394 4105; x_wconf 91' lang='lat' dir='ltr'>de</span> <span class='ocrx_word' id='word_1_342' title='bbox 406 4066 492 4108; x_wconf 83' lang='lat' dir='ltr'>sanctu</span> <span class='ocrx_word' id='word_1_343' title='bbox 503 4060 602 4123; x_wconf 82' lang='lat' dir='ltr'>Agnete</span> <span class='ocrx_word' id='word_1_344' title='bbox 610 4061 699 4124; x_wconf 75' lang='lat' dir='ltr'>placed</span> <span class='ocrx_word' id='word_1_345' title='bbox 711 4059 778 4125; x_wconf 83' lang='lat' dir='ltr'>aster</span> <span class='ocrx_word' id='word_1_346' title='bbox 792 4057 934 4108; x_wconf 84' lang='lat' dir='ltr'>dominica:</span> <span class='ocrx_word' id='word_1_347' title='bbox 951 4069 993 4120; x_wconf 87' lang='lat'>97,</span> <span class='ocrx_word' id='word_1_348' title='bbox 1010 4070 1052 4116; x_wconf 88' lang='lat'>01,</span> <span class='ocrx_word' id='word_1_349' title='bbox 1070 4057 1111 4106; x_wconf 88' lang='lat'>08.</span> <span class='ocrx_word' id='word_1_350' title='bbox 1148 4056 1261 4107; x_wconf 88' lang='lat' dir='ltr'>Secunde</span> <span class='ocrx_word' id='word_1_351' title='bbox 1278 4072 1379 4121; x_wconf 81' lang='lat' dir='ltr'>vespere</span> <span class='ocrx_word' id='word_1_352' title='bbox 1399 4064 1472 4107; x_wconf 87' lang='lat' dir='ltr'>erunt</span> 
     </span>
     <span class='ocr_line' id='line_1_41' title="bbox 267 4119 1250 4189; baseline 0.002 -21"><span class='ocrx_word' id='word_1_353' title='bbox 267 4119 298 4169; x_wconf 89' lang='lat' dir='ltr'>de</span> <span class='ocrx_word' id='word_1_354' title='bbox 310 4121 437 4171; x_wconf 82' lang='lat' dir='ltr'>dominica</span> <span class='ocrx_word' id='word_1_355' title='bbox 447 4133 472 4172; x_wconf 81' lang='lat' dir='ltr'>et</span> <span class='ocrx_word' id='word_1_356' title='bbox 484 4125 605 4174; x_wconf 85' lang='lat' dir='ltr'>memoria</span> <span class='ocrx_word' id='word_1_357' title='bbox 615 4126 648 4175; x_wconf 90' lang='lat' dir='ltr'>de</span> <span class='ocrx_word' id='word_1_358' title='bbox 658 4134 744 4176; x_wconf 78' lang='lat' dir='ltr'>sancta</span> <span class='ocrx_word' id='word_1_359' title='bbox 755 4126 857 4189; x_wconf 74' lang='lat' dir='ltr'>ugnete</span> <span class='ocrx_word' id='word_1_360' title='bbox 868 4132 893 4172; x_wconf 88' lang='lat' dir='ltr'>et</span> <span class='ocrx_word' id='word_1_361' title='bbox 903 4123 935 4172; x_wconf 92' lang='lat' dir='ltr'>de</span> <span class='ocrx_word' id='word_1_362' title='bbox 946 4130 1034 4173; x_wconf 78' lang='lat' dir='ltr'>sancta</span> <span class='ocrx_word' id='word_1_363' title='bbox 1045 4121 1143 4171; x_wconf 84' lang='lat' dir='ltr'>Maria:</span> <span class='ocrx_word' id='word_1_364' title='bbox 1157 4124 1197 4183; x_wconf 91' lang='lat'>87,</span> <span class='ocrx_word' id='word_1_365' title='bbox 1211 4122 1250 4171; x_wconf 87' lang='lat'>88.</span> 
     </span>
    </p>

    <p class='ocr_par' dir='ltr' id='par_1_19' title="bbox 267 4184 1478 4320">
     <span class='ocr_line' id='line_1_42' title="bbox 300 4184 1478 4254; baseline 0.002 -20"><span class='ocrx_word' id='word_1_366' title='bbox 300 4184 438 4237; x_wconf 76' lang='lat' dir='ltr'>‘&#39;scilicet:</span> <span class='ocrx_word' id='word_1_367' title='bbox 463 4190 519 4238; x_wconf 78' lang='lat' dir='ltr'>odd</span> <span class='ocrx_word' id='word_1_368' title='bbox 534 4187 575 4251; x_wconf 88' lang='lat'>87,</span> <span class='ocrx_word' id='word_1_369' title='bbox 594 4190 633 4240; x_wconf 89' lang='lat'>88.</span> <span class='ocrx_word' id='word_1_370' title='bbox 669 4190 812 4254; x_wconf 86' lang='lat' dir='ltr'>Capitulum</span> <span class='ocrx_word' id='word_1_371' title='bbox 831 4189 857 4237; x_wconf 90' lang='lat' dir='ltr'>in</span> <span class='ocrx_word' id='word_1_372' title='bbox 874 4188 979 4238; x_wconf 81' lang='lat' dir='ltr'>festos.</span> <span class='ocrx_word' id='word_1_373' title='bbox 1001 4186 1116 4252; x_wconf 82' lang='lat' dir='ltr'>Agnetis,</span> <span class='ocrx_word' id='word_1_374' title='bbox 1138 4188 1275 4251; x_wconf 68' lang='lat' dir='ltr'>Confitetur</span> <span class='ocrx_word' id='word_1_375' title='bbox 1288 4187 1345 4246; x_wconf 76' lang='lat' dir='ltr'>titi,</span> <span class='ocrx_word' id='word_1_376' title='bbox 1362 4188 1478 4236; x_wconf 79' lang='lat' dir='ltr'>Donu&#39;ne</span> 
     </span>
     <span class='ocr_line' id='line_1_43' title="bbox 267 4252 1096 4320; baseline 0.002 -22"><span class='ocrx_word' id='word_1_377' title='bbox 267 4266 320 4299; x_wconf 83' lang='lat' dir='ltr'>rex.</span> <span class='ocrx_word' id='word_1_378' title='bbox 334 4252 446 4315; x_wconf 74' lang='lat' dir='ltr'>(Deseris.</span> <span class='ocrx_word' id='word_1_379' title='bbox 460 4254 557 4304; x_wconf 77' lang='lat' dir='ltr'>Direrl.</span> <span class='ocrx_word' id='word_1_380' title='bbox 570 4271 591 4305; x_wconf 87' lang='lat' dir='ltr'>c.</span> <span class='ocrx_word' id='word_1_381' title='bbox 607 4267 647 4320; x_wconf 71' lang='lat'>50,</span> <span class='ocrx_word' id='word_1_382' title='bbox 660 4271 685 4319; x_wconf 90' lang='lat' dir='ltr'>p.</span> <span class='ocrx_word' id='word_1_383' title='bbox 702 4258 752 4317; x_wconf 90' lang='lat'>17.)</span> <span class='ocrx_word' id='word_1_384' title='bbox 785 4254 824 4304; x_wconf 81' lang='lat' dir='ltr'>Cf.</span> <span class='ocrx_word' id='word_1_385' title='bbox 838 4255 913 4302; x_wconf 83' lang='lat' dir='ltr'>Brev.</span> <span class='ocrx_word' id='word_1_386' title='bbox 928 4256 986 4302; x_wconf 85' lang='lat' dir='ltr'>Sar.</span> <span class='ocrx_word' id='word_1_387' title='bbox 1000 4253 1026 4302; x_wconf 90' lang='lat' dir='ltr'>ii.</span> <span class='ocrx_word' id='word_1_388' title='bbox 1040 4263 1096 4316; x_wconf 77' lang='lat'>450.</span> 
     </span>
    </p>

    <p class='ocr_par' dir='ltr' id='par_1_20' title="bbox 300 4312 1232 4385">
     <span class='ocr_line' id='line_1_44' title="bbox 300 4312 1232 4385; baseline 0.001 -20"><span class='ocrx_word' id='word_1_389' title='bbox 300 4312 311 4345; x_wconf 77' lang='lat'><strong>⁹</strong></span> <span class='ocrx_word' id='word_1_390' title='bbox 328 4317 452 4367; x_wconf 85' lang='lat' dir='ltr'>Memoria</span> <span class='ocrx_word' id='word_1_391' title='bbox 463 4318 496 4368; x_wconf 86' lang='lat' dir='ltr'>ad</span> <span class='ocrx_word' id='word_1_392' title='bbox 507 4336 623 4385; x_wconf 83' lang='lat' dir='ltr'>vesperas</span> <span class='ocrx_word' id='word_1_393' title='bbox 634 4321 664 4371; x_wconf 90' lang='lat' dir='ltr'>de</span> <span class='ocrx_word' id='word_1_394' title='bbox 678 4322 704 4370; x_wconf 76' lang='lat' dir='ltr'>S.</span> <span class='ocrx_word' id='word_1_395' title='bbox 718 4322 817 4384; x_wconf 71' lang='lat' dir='ltr'>agnete</span> <span class='ocrx_word' id='word_1_396' title='bbox 828 4319 897 4369; x_wconf 88' lang='lat' dir='ltr'>etde</span> <span class='ocrx_word' id='word_1_397' title='bbox 909 4319 935 4369; x_wconf 89' lang='lat' dir='ltr'>S.</span> <span class='ocrx_word' id='word_1_398' title='bbox 951 4318 1050 4368; x_wconf 79' lang='lat' dir='ltr'>bieria:</span> <span class='ocrx_word' id='word_1_399' title='bbox 1067 4319 1123 4367; x_wconf 83' lang='lat' dir='ltr'>odd.</span> <span class='ocrx_word' id='word_1_400' title='bbox 1138 4317 1178 4379; x_wconf 89' lang='lat'>87,</span> <span class='ocrx_word' id='word_1_401' title='bbox 1192 4317 1232 4368; x_wconf 89' lang='lat'>88.</span> 
     </span>
    </p>

    <p class='ocr_par' dir='ltr' id='par_1_21' title="bbox 299 4378 884 4451">
     <span class='ocr_line' id='line_1_45' title="bbox 299 4378 884 4451; baseline 0.003 -20"><span class='ocrx_word' id='word_1_402' title='bbox 299 4378 320 4411; x_wconf 81' lang='lat'>¹⁰</span> <span class='ocrx_word' id='word_1_403' title='bbox 337 4383 428 4433; x_wconf 82' lang='lat' dir='ltr'>Beatus</span> <span class='ocrx_word' id='word_1_404' title='bbox 440 4384 495 4433; x_wconf 84' lang='lat' dir='ltr'>vir.</span> <span class='ocrx_word' id='word_1_405' title='bbox 509 4387 549 4434; x_wconf 84' lang='lat' dir='ltr'>vel</span> <span class='ocrx_word' id='word_1_406' title='bbox 559 4387 716 4451; x_wconf 75' lang='lat' dir='ltr'>Antiphone,</span> <span class='ocrx_word' id='word_1_407' title='bbox 728 4402 775 4435; x_wconf 83' lang='lat' dir='ltr'>om.</span> <span class='ocrx_word' id='word_1_408' title='bbox 789 4397 830 4447; x_wconf 86' lang='lat'>97,</span> <span class='ocrx_word' id='word_1_409' title='bbox 843 4397 884 4434; x_wconf 86' lang='lat'>01.</span> 
     </span>
    </p>
   </div>
   <div class='ocr_carea' id='block_1_10' title="bbox 265 4442 1477 4571">
    <p class='ocr_par' dir='ltr' id='par_1_22' title="bbox 265 4442 1477 4571">
     <span class='ocr_line' id='line_1_46' title="bbox 265 4442 1477 4562; baseline 0 -66"><span class='ocrx_word' id='word_1_410' title='bbox 265 4523 294 4559; x_wconf 65' lang='grc' dir='ltr'>ω</span> <span class='ocrx_word' id='word_1_411' title='bbox 302 4442 321 4476; x_wconf 88' lang='lat'>¹¹</span> <span class='ocrx_word' id='word_1_412' title='bbox 319 4448 486 4562; x_wconf 51' lang='lat' dir='ltr'>0§intiplrona</span> <span class='ocrx_word' id='word_1_413' title='bbox 497 4466 571 4516; x_wconf 88' lang='lat' dir='ltr'>super</span> <span class='ocrx_word' id='word_1_414' title='bbox 582 4453 693 4517; x_wconf 85' lang='lat' dir='ltr'>psalmos</span> <span class='ocrx_word' id='word_1_415' title='bbox 705 4461 729 4501; x_wconf 88' lang='lat' dir='ltr'>et</span> <span class='ocrx_word' id='word_1_416' title='bbox 742 4450 938 4515; x_wconf 84' lang='lat' dir='ltr'>Responsorium</span> <span class='ocrx_word' id='word_1_417' title='bbox 949 4448 1064 4499; x_wconf 84' lang='lat' dir='ltr'>dieantur</span> <span class='ocrx_word' id='word_1_418' title='bbox 1076 4448 1101 4497; x_wconf 88' lang='lat' dir='ltr'>in</span> <span class='ocrx_word' id='word_1_419' title='bbox 1113 4448 1233 4513; x_wconf 87' lang='lat' dir='ltr'>superiori</span> <span class='ocrx_word' id='word_1_420' title='bbox 1244 4447 1341 4513; x_wconf 82' lang='lat' dir='ltr'>gradu:</span> <span class='ocrx_word' id='word_1_421' title='bbox 1358 4449 1414 4497; x_wconf 85' lang='lat' dir='ltr'>odd.</span> <span class='ocrx_word' id='word_1_422' title='bbox 1429 4458 1477 4510; x_wconf 80' lang='lat'>97,</span> 
     </span>
     <span class='ocr_line' id='line_1_47' title="bbox 300 4547 360 4571; baseline 0 -9"><span class='ocrx_word' id='word_1_423' title='bbox 300 4547 307 4571; x_wconf 88' lang='lat'><em>,</em></span> <span class='ocrx_word' id='word_1_424' title='bbox 355 4550 360 4562; x_wconf 94' lang='lat'>.</span> 
     </span>
    </p>
   </div>
   <div class='ocr_carea' id='block_1_11' title="bbox 0 0 1669 5206">
    <p class='ocr_par' dir='ltr' id='par_1_23' title="bbox 0 0 1669 5206">
     <span class='ocr_line' id='line_1_48' title="bbox 0 0 1669 5206; baseline 0 0"><span class='ocrx_word' id='word_1_425' title='bbox 0 0 1669 5206; x_wconf 95' lang='lat' dir='ltr'> </span> 
     </span>
    </p>
   </div>
  </div>
 </body>
</html>
