<?xml version="1.0" encoding="UTF-8"?>
<!DOCTYPE html PUBLIC "-//W3C//DTD XHTML 1.0 Transitional//EN"
    "http://www.w3.org/TR/xhtml1/DTD/xhtml1-transitional.dtd">
<html xmlns="http://www.w3.org/1999/xhtml" xml:lang="en" lang="en">
 <head>
  <title>
</title>
<meta http-equiv="Content-Type" content="text/html;charset=utf-8" />
  <meta name='ocr-system' content='tesseract 3.04.00' />
  <meta name='ocr-capabilities' content='ocr_page ocr_carea ocr_par ocr_line ocrx_word'/>
</head>
<body>
  <div class='ocr_page' id='page_1' title='image "./ordinalesarvmsi00cathgoog_0198.png"; bbox 0 0 3372 5224; ppageno 0'>
   <div class='ocr_carea' id='block_1_1' title="bbox 613 383 1421 452">
    <p class='ocr_par' dir='ltr' id='par_1_1' title="bbox 613 383 1421 452">
     <span class='ocr_line' id='line_1_1' title="bbox 613 383 1421 452; baseline -0.001 -16"><span class='ocrx_word' id='word_1_1' title='bbox 613 383 795 447; x_wconf 82' lang='lat' dir='ltr'><em>QUINTUM</em></span> <span class='ocrx_word' id='word_1_2' title='bbox 810 387 844 439; x_wconf 84' lang='lat' dir='ltr'>A.</span> <span class='ocrx_word' id='word_1_3' title='bbox 878 386 935 439; x_wconf 78' lang='lat' dir='ltr'>xix.</span> <span class='ocrx_word' id='word_1_4' title='bbox 953 386 1011 437; x_wconf 75' lang='lat' dir='ltr'>viii.</span> <span class='ocrx_word' id='word_1_5' title='bbox 1387 402 1421 452; x_wconf 87' lang='lat'>99</span> 
     </span>
    </p>
   </div>
   <div class='ocr_carea' id='block_1_2' title="bbox 216 536 1420 778">
    <p class='ocr_par' dir='ltr' id='par_1_2' title="bbox 216 536 1420 778">
     <span class='ocr_line' id='line_1_2' title="bbox 216 536 1418 624; baseline -0.002 -19"><span class='ocrx_word' id='word_1_6' title='bbox 216 537 343 605; x_wconf 86' lang='lat' dir='ltr'>scilicet</span> <span class='ocrx_word' id='word_1_7' title='bbox 357 537 538 619; x_wconf 87' lang='lat' dir='ltr'>Hymnum.</span> <span class='ocrx_word' id='word_1_8' title='bbox 585 538 631 604; x_wconf 89' lang='lat' dir='ltr'>Et</span> <span class='ocrx_word' id='word_1_9' title='bbox 654 537 687 600; x_wconf 92' lang='lat' dir='ltr'>in</span> <span class='ocrx_word' id='word_1_10' title='bbox 710 536 824 621; x_wconf 86' lang='lat' dir='ltr'>vigilia</span> <span class='ocrx_word' id='word_1_11' title='bbox 848 537 1065 602; x_wconf 87' lang='lat' dir='ltr'>Ascensionis</span> <span class='ocrx_word' id='word_1_12' title='bbox 1088 538 1245 604; x_wconf 88' lang='lat' dir='ltr'>dicuntur</span> <span class='ocrx_word' id='word_1_13' title='bbox 1266 540 1418 624; x_wconf 87' lang='lat' dir='ltr'>Respon-</span> 
     </span>
     <span class='ocr_line' id='line_1_3' title="bbox 216 623 1420 778; baseline 0.003 -90"><span class='ocrx_word' id='word_1_14' title='bbox 216 625 440 778; x_wconf 50' lang='lat' dir='ltr'>gprppltdpniiriil.</span> <span class='ocrx_word' id='word_1_15' title='bbox 456 625 545 703; x_wconf 89' lang='lat' dir='ltr'>seria,</span> <span class='ocrx_word' id='word_1_16' title='bbox 559 623 684 688; x_wconf 88' lang='lat' dir='ltr'>scilicet</span> <span class='ocrx_word' id='word_1_17' title='bbox 705 625 826 702; x_wconf 83' lang='lat' dir='ltr'><em>Deduc,</em></span> <span class='ocrx_word' id='word_1_18' title='bbox 849 634 882 689; x_wconf 90' lang='lat' dir='ltr'>et</span> <span class='ocrx_word' id='word_1_19' title='bbox 906 625 1169 709; x_wconf 90' lang='lat' dir='ltr'>Responsorium</span> <span class='ocrx_word' id='word_1_20' title='bbox 1189 627 1316 691; x_wconf 82' lang='lat' dir='ltr'><em>Dicant</em></span> <span class='ocrx_word' id='word_1_21' title='bbox 1334 649 1420 692; x_wconf 83' lang='lat' dir='ltr'>nunc</span> 
     </span>
    </p>
   </div>
   <div class='ocr_carea' id='block_1_3' title="bbox 215 831 1417 985">
    <p class='ocr_par' dir='ltr' id='par_1_3' title="bbox 215 831 1417 985">
     <span class='ocr_line' id='line_1_4' title="bbox 257 831 1417 916; baseline 0.004 -20"><span class='ocrx_word' id='word_1_22' title='bbox 257 841 291 911; x_wconf 65' lang='lat'>{1</span> <span class='ocrx_word' id='word_1_23' title='bbox 315 833 413 896; x_wconf 88' lang='lat' dir='ltr'>Feria</span> <span class='ocrx_word' id='word_1_24' title='bbox 428 855 465 896; x_wconf 90' lang='lat' dir='ltr'>.v.</span> <span class='ocrx_word' id='word_1_25' title='bbox 482 831 603 896; x_wconf 82' lang='lat' dir='ltr'>festum</span> <span class='ocrx_word' id='word_1_26' title='bbox 619 831 845 908; x_wconf 89' lang='lat' dir='ltr'>Ascensionis,</span> <span class='ocrx_word' id='word_1_27' title='bbox 863 831 1043 916; x_wconf 87' lang='lat' dir='ltr'>principale</span> <span class='ocrx_word' id='word_1_28' title='bbox 1060 834 1181 898; x_wconf 82' lang='lat' dir='ltr'>festum</span> <span class='ocrx_word' id='word_1_29' title='bbox 1196 854 1204 912; x_wconf 93' lang='lat'>;</span> <span class='ocrx_word' id='word_1_30' title='bbox 1227 842 1262 897; x_wconf 88' lang='lat' dir='ltr'>et</span> <span class='ocrx_word' id='word_1_31' title='bbox 1277 833 1357 897; x_wconf 91' lang='lat' dir='ltr'>nihil</span> <span class='ocrx_word' id='word_1_32' title='bbox 1374 836 1417 900; x_wconf 91' lang='lat' dir='ltr'>de</span> 
     </span>
     <span class='ocr_line' id='line_1_5' title="bbox 215 919 565 985; baseline -0.009 0"><span class='ocrx_word' id='word_1_33' title='bbox 215 929 331 985; x_wconf 88' lang='lat' dir='ltr'>sancto</span> <span class='ocrx_word' id='word_1_34' title='bbox 348 919 565 984; x_wconf 89' lang='lat' dir='ltr'>Nichomede.</span> 
     </span>
    </p>
   </div>
   <div class='ocr_carea' id='block_1_4' title="bbox 216 1037 1415 1193">
    <p class='ocr_par' dir='ltr' id='par_1_4' title="bbox 216 1037 1415 1193">
     <span class='ocr_line' id='line_1_6' title="bbox 256 1037 1415 1192; baseline 0.002 -88"><span class='ocrx_word' id='word_1_35' title='bbox 256 1048 293 1192; x_wconf 52' lang='grc' dir='ltr'>(ἑ</span> <span class='ocrx_word' id='word_1_36' title='bbox 315 1041 413 1104; x_wconf 86' lang='lat' dir='ltr'>Feria</span> <span class='ocrx_word' id='word_1_37' title='bbox 426 1041 477 1108; x_wconf 85' lang='lat' dir='ltr'>.vi.</span> <span class='ocrx_word' id='word_1_38' title='bbox 492 1040 535 1103; x_wconf 87' lang='lat' dir='ltr'>de</span> <span class='ocrx_word' id='word_1_39' title='bbox 550 1037 698 1117; x_wconf 70' lang='lat' dir='ltr'>octauis,²</span> <span class='ocrx_word' id='word_1_40' title='bbox 713 1049 748 1102; x_wconf 93' lang='lat' dir='ltr'>et</span> <span class='ocrx_word' id='word_1_41' title='bbox 765 1039 924 1103; x_wconf 86' lang='lat' dir='ltr'>memoria</span> <span class='ocrx_word' id='word_1_42' title='bbox 939 1040 982 1103; x_wconf 92' lang='lat' dir='ltr'>de</span> <span class='ocrx_word' id='word_1_43' title='bbox 999 1041 1201 1124; x_wconf 85' lang='lat' dir='ltr'><strong>martyribus</strong></span> <span class='ocrx_word' id='word_1_44' title='bbox 1218 1040 1415 1107; x_wconf 83' lang='lat' dir='ltr'>Marcellino</span> 
     </span>
     <span class='ocr_line' id='line_1_7' title="bbox 216 1138 374 1193; baseline -0.006 0"><span class='ocrx_word' id='word_1_45' title='bbox 216 1138 251 1193; x_wconf 88' lang='lat' dir='ltr'>et</span> <span class='ocrx_word' id='word_1_46' title='bbox 293 1138 374 1193; x_wconf 88' lang='lat' dir='ltr'>etro.</span> 
     </span>
    </p>
   </div>
   <div class='ocr_carea' id='block_1_5' title="bbox 214 1245 1413 1419">
    <p class='ocr_par' dir='ltr' id='par_1_5' title="bbox 214 1245 1413 1419">
     <span class='ocr_line' id='line_1_8' title="bbox 235 1245 1413 1402; baseline -0.001 -88"><span class='ocrx_word' id='word_1_47' title='bbox 235 1257 290 1402; x_wconf 54' lang='grc' dir='ltr'>ἀπ</span> <span class='ocrx_word' id='word_1_48' title='bbox 314 1249 472 1324; x_wconf 86' lang='lat' dir='ltr'>Sabbato,</span> <span class='ocrx_word' id='word_1_49' title='bbox 483 1248 525 1311; x_wconf 94' lang='lat' dir='ltr'>de</span> <span class='ocrx_word' id='word_1_50' title='bbox 535 1246 697 1325; x_wconf 76' lang='lat' dir='ltr'>octauis’3</span> <span class='ocrx_word' id='word_1_51' title='bbox 715 1254 750 1312; x_wconf 88' lang='lat' dir='ltr'>et</span> <span class='ocrx_word' id='word_1_52' title='bbox 765 1245 857 1310; x_wconf 89' lang='lat' dir='ltr'>nulla</span> <span class='ocrx_word' id='word_1_53' title='bbox 872 1246 1031 1310; x_wconf 88' lang='lat' dir='ltr'>memoria</span> <span class='ocrx_word' id='word_1_54' title='bbox 1043 1247 1087 1310; x_wconf 91' lang='lat' dir='ltr'>ad</span> <span class='ocrx_word' id='word_1_55' title='bbox 1104 1246 1294 1327; x_wconf 87' lang='lat' dir='ltr'>matutinas,</span> <span class='ocrx_word' id='word_1_56' title='bbox 1305 1269 1413 1333; x_wconf 89' lang='lat' dir='ltr'>neque</span> 
     </span>
     <span class='ocr_line' id='line_1_9' title="bbox 214 1356 437 1419; baseline -0.018 -17"><span class='ocrx_word' id='word_1_57' title='bbox 214 1358 234 1402; x_wconf 93' lang='lat' dir='ltr'>a</span> <span class='ocrx_word' id='word_1_58' title='bbox 273 1356 437 1419; x_wconf 81' lang='lat' dir='ltr'>vesperas</span> 
     </span>
    </p>
   </div>
   <div class='ocr_carea' id='block_1_6' title="bbox 211 1448 1411 1710">
    <p class='ocr_par' dir='ltr' id='par_1_6' title="bbox 211 1448 1411 1710">
     <span class='ocr_line' id='line_1_10' title="bbox 387 1448 1411 1532; baseline 0.003 -14"><span class='ocrx_word' id='word_1_59' title='bbox 387 1462 421 1532; x_wconf 65' lang='lat'>{1</span> <span class='ocrx_word' id='word_1_60' title='bbox 453 1453 634 1518; x_wconf 89' lang='lat' dir='ltr'>Dominica</span> <span class='ocrx_word' id='word_1_61' title='bbox 665 1453 751 1516; x_wconf 81' lang='lat' dir='ltr'>infra</span> <span class='ocrx_word' id='word_1_62' title='bbox 782 1462 920 1517; x_wconf 85' lang='lat' dir='ltr'>octauas</span> <span class='ocrx_word' id='word_1_63' title='bbox 960 1448 1188 1532; x_wconf 86' lang='lat' dir='ltr'>Ascensionis,</span> <span class='ocrx_word' id='word_1_64' title='bbox 1223 1465 1332 1520; x_wconf 91' lang='lat' dir='ltr'>totum</span> <span class='ocrx_word' id='word_1_65' title='bbox 1368 1456 1411 1521; x_wconf 94' lang='lat' dir='ltr'>de</span> 
     </span>
     <span class='ocr_line' id='line_1_11' title="bbox 211 1504 1411 1623; baseline 0.003 -18"><span class='ocrx_word' id='word_1_66' title='bbox 211 1509 285 1578; x_wconf 81' lang='lat' dir='ltr'>June</span> <span class='ocrx_word' id='word_1_67' title='bbox 296 1504 335 1577; x_wconf 70' lang='lat'>4]</span> <span class='ocrx_word' id='word_1_68' title='bbox 388 1541 563 1606; x_wconf 79' lang='lat' dir='ltr'>dominica</span> <span class='ocrx_word' id='word_1_69' title='bbox 617 1541 772 1604; x_wconf 88' lang='lat' dir='ltr'>Tercium</span> <span class='ocrx_word' id='word_1_70' title='bbox 790 1541 1052 1623; x_wconf 86' lang='lat' dir='ltr'>Responsorium</span> <span class='ocrx_word' id='word_1_71' title='bbox 1067 1561 1086 1604; x_wconf 88' lang='lat' dir='ltr'>a</span> <span class='ocrx_word' id='word_1_72' title='bbox 1103 1542 1235 1606; x_wconf 91' lang='lat' dir='ltr'>duobus</span> <span class='ocrx_word' id='word_1_73' title='bbox 1249 1552 1411 1610; x_wconf 87' lang='lat' dir='ltr'>cantetur.</span> 
     </span>
     <span class='ocr_line' id='line_1_12' title="bbox 214 1626 1146 1710; baseline 0 -17"><span class='ocrx_word' id='word_1_74' title='bbox 214 1630 253 1693; x_wconf 90' lang='lat' dir='ltr'>ln</span> <span class='ocrx_word' id='word_1_75' title='bbox 270 1628 421 1694; x_wconf 88' lang='lat' dir='ltr'>laudibus</span> <span class='ocrx_word' id='word_1_76' title='bbox 436 1648 503 1692; x_wconf 89' lang='lat' dir='ltr'>vna</span> <span class='ocrx_word' id='word_1_77' title='bbox 517 1626 710 1710; x_wconf 85' lang='lat' dir='ltr'>antiphona,</span> <span class='ocrx_word' id='word_1_78' title='bbox 725 1636 759 1691; x_wconf 90' lang='lat' dir='ltr'>et</span> <span class='ocrx_word' id='word_1_79' title='bbox 776 1628 936 1691; x_wconf 89' lang='lat' dir='ltr'>memoria</span> <span class='ocrx_word' id='word_1_80' title='bbox 951 1628 993 1691; x_wconf 94' lang='lat' dir='ltr'>de</span> <span class='ocrx_word' id='word_1_81' title='bbox 1009 1629 1146 1694; x_wconf 82' lang='lat' dir='ltr'>octauis</span> 
     </span>
    </p>
   </div>
   <div class='ocr_carea' id='block_1_7' title="bbox 211 1746 1409 1916">
    <p class='ocr_par' dir='ltr' id='par_1_7' title="bbox 211 1746 1409 1916">
     <span class='ocr_line' id='line_1_13' title="bbox 253 1746 1409 1832; baseline 0.002 -19"><span class='ocrx_word' id='word_1_82' title='bbox 253 1757 287 1827; x_wconf 69' lang='lat'>{[</span> <span class='ocrx_word' id='word_1_83' title='bbox 310 1750 407 1813; x_wconf 88' lang='lat' dir='ltr'>Feria</span> <span class='ocrx_word' id='word_1_84' title='bbox 433 1749 473 1812; x_wconf 86' lang='lat' dir='ltr'>.ii.</span> <span class='ocrx_word' id='word_1_85' title='bbox 497 1748 541 1812; x_wconf 88' lang='lat' dir='ltr'>de</span> <span class='ocrx_word' id='word_1_86' title='bbox 564 1747 714 1812; x_wconf 82' lang='lat' dir='ltr'>octauis&#39;</span> <span class='ocrx_word' id='word_1_87' title='bbox 759 1746 956 1830; x_wconf 91' lang='lat' dir='ltr'>Antiphone</span> <span class='ocrx_word' id='word_1_88' title='bbox 980 1758 1015 1813; x_wconf 91' lang='lat' dir='ltr'>et</span> <span class='ocrx_word' id='word_1_89' title='bbox 1040 1749 1266 1832; x_wconf 89' lang='lat' dir='ltr'>Responsoria</span> <span class='ocrx_word' id='word_1_90' title='bbox 1291 1750 1335 1814; x_wconf 88' lang='lat' dir='ltr'>de</span> <span class='ocrx_word' id='word_1_91' title='bbox 1358 1752 1409 1816; x_wconf 90' lang='lat' dir='ltr'>.vi.</span> 
     </span>
     <span class='ocr_line' id='line_1_14' title="bbox 211 1834 910 1916; baseline -0.006 -15"><span class='ocrx_word' id='word_1_92' title='bbox 211 1836 300 1916; x_wconf 84' lang='lat' dir='ltr'>feria,</span> <span class='ocrx_word' id='word_1_93' title='bbox 313 1846 348 1901; x_wconf 88' lang='lat' dir='ltr'>et</span> <span class='ocrx_word' id='word_1_94' title='bbox 364 1835 524 1900; x_wconf 86' lang='lat' dir='ltr'>memoria</span> <span class='ocrx_word' id='word_1_95' title='bbox 538 1834 582 1899; x_wconf 92' lang='lat' dir='ltr'>de</span> <span class='ocrx_word' id='word_1_96' title='bbox 595 1844 713 1898; x_wconf 89' lang='lat' dir='ltr'>sancto</span> <span class='ocrx_word' id='word_1_97' title='bbox 729 1835 910 1899; x_wconf 86' lang='lat' dir='ltr'>Bonifacio.</span> 
     </span>
    </p>
   </div>
   <div class='ocr_carea' id='block_1_8' title="bbox 251 1953 1409 2039">
    <p class='ocr_par' dir='ltr' id='par_1_8' title="bbox 251 1953 1409 2039">
     <span class='ocr_line' id='line_1_15' title="bbox 251 1953 1409 2039; baseline 0.001 -18"><span class='ocrx_word' id='word_1_98' title='bbox 251 1965 285 2035; x_wconf 65' lang='lat'>{1</span> <span class='ocrx_word' id='word_1_99' title='bbox 309 1957 406 2021; x_wconf 89' lang='lat' dir='ltr'>Feria</span> <span class='ocrx_word' id='word_1_100' title='bbox 420 1956 471 2018; x_wconf 87' lang='lat' dir='ltr'>iii.</span> <span class='ocrx_word' id='word_1_101' title='bbox 487 1955 530 2019; x_wconf 92' lang='lat' dir='ltr'>de</span> <span class='ocrx_word' id='word_1_102' title='bbox 545 1954 695 2034; x_wconf 82' lang='lat' dir='ltr'>octauis,&#39;</span> <span class='ocrx_word' id='word_1_103' title='bbox 710 1953 895 2038; x_wconf 82' lang='lat' dir='ltr'>antiphone</span> <span class='ocrx_word' id='word_1_104' title='bbox 908 1964 943 2019; x_wconf 88' lang='lat' dir='ltr'>et</span> <span class='ocrx_word' id='word_1_105' title='bbox 960 1955 1187 2039; x_wconf 89' lang='lat' dir='ltr'>Responsoria</span> <span class='ocrx_word' id='word_1_106' title='bbox 1201 1955 1244 2020; x_wconf 94' lang='lat' dir='ltr'>de</span> <span class='ocrx_word' id='word_1_107' title='bbox 1258 1957 1409 2022; x_wconf 86' lang='lat' dir='ltr'>sabbato.</span> 
     </span>
    </p>
   </div>
   <div class='ocr_carea' id='block_1_9' title="bbox 207 2193 1407 2543">
    <p class='ocr_par' dir='ltr' id='par_1_9' title="bbox 207 2193 1407 2543">
     <span class='ocr_line' id='line_1_16' title="bbox 249 2193 1407 2277; baseline 0.003 -18"><span class='ocrx_word' id='word_1_108' title='bbox 249 2204 283 2274; x_wconf 65' lang='lat'>{1</span> <span class='ocrx_word' id='word_1_109' title='bbox 307 2196 405 2260; x_wconf 87' lang='lat' dir='ltr'>Feria</span> <span class='ocrx_word' id='word_1_110' title='bbox 435 2196 487 2260; x_wconf 83' lang='lat' dir='ltr'>.v.&#39;</span> <span class='ocrx_word' id='word_1_111' title='bbox 518 2194 751 2258; x_wconf 89' lang='lat' dir='ltr'>Inuitatorium</span> <span class='ocrx_word' id='word_1_112' title='bbox 781 2193 916 2277; x_wconf 87' lang='lat' dir='ltr'>triplex,</span> <span class='ocrx_word' id='word_1_113' title='bbox 951 2203 985 2259; x_wconf 91' lang='lat' dir='ltr'>et</span> <span class='ocrx_word' id='word_1_114' title='bbox 1018 2195 1178 2258; x_wconf 91' lang='lat' dir='ltr'>memoria</span> <span class='ocrx_word' id='word_1_115' title='bbox 1208 2197 1251 2260; x_wconf 91' lang='lat' dir='ltr'>de</span> <span class='ocrx_word' id='word_1_116' title='bbox 1284 2199 1407 2262; x_wconf 88' lang='lat' dir='ltr'>sanctis</span> 
     </span>
     <span class='ocr_line' id='line_1_17' title="bbox 208 2279 1406 2364; baseline -0.001 -15"><span class='ocrx_word' id='word_1_117' title='bbox 208 2282 374 2349; x_wconf 88' lang='lat' dir='ltr'>Medardo</span> <span class='ocrx_word' id='word_1_118' title='bbox 394 2290 428 2346; x_wconf 90' lang='lat' dir='ltr'>et</span> <span class='ocrx_word' id='word_1_119' title='bbox 450 2279 620 2346; x_wconf 87' lang='lat' dir='ltr'>Gildardo.</span> <span class='ocrx_word' id='word_1_120' title='bbox 666 2280 835 2346; x_wconf 84' lang='lat' dir='ltr'>Secunde³</span> <span class='ocrx_word' id='word_1_121' title='bbox 858 2301 995 2364; x_wconf 91' lang='lat' dir='ltr'>vespere</span> <span class='ocrx_word' id='word_1_122' title='bbox 1019 2292 1115 2345; x_wconf 90' lang='lat' dir='ltr'>erunt</span> <span class='ocrx_word' id='word_1_123' title='bbox 1141 2283 1183 2347; x_wconf 95' lang='lat' dir='ltr'>de</span> <span class='ocrx_word' id='word_1_124' title='bbox 1207 2284 1357 2363; x_wconf 75' lang='lat' dir='ltr'>octauis,&#39;</span> <span class='ocrx_word' id='word_1_125' title='bbox 1371 2294 1406 2349; x_wconf 88' lang='lat' dir='ltr'>et</span> 
     </span>
     <span class='ocr_line' id='line_1_18' title="bbox 209 2368 1406 2453; baseline 0 -17"><span class='ocrx_word' id='word_1_126' title='bbox 209 2371 369 2436; x_wconf 87' lang='lat' dir='ltr'>memoria</span> <span class='ocrx_word' id='word_1_127' title='bbox 384 2370 427 2433; x_wconf 88' lang='lat' dir='ltr'>de</span> <span class='ocrx_word' id='word_1_128' title='bbox 440 2378 559 2432; x_wconf 89' lang='lat' dir='ltr'>sancto</span> <span class='ocrx_word' id='word_1_129' title='bbox 575 2368 765 2443; x_wconf 88' lang='lat' dir='ltr'>Edmundo,</span> <span class='ocrx_word' id='word_1_130' title='bbox 781 2376 815 2431; x_wconf 86' lang='lat' dir='ltr'>et</span> <span class='ocrx_word' id='word_1_131' title='bbox 831 2370 991 2432; x_wconf 89' lang='lat' dir='ltr'>memoria</span> <span class='ocrx_word' id='word_1_132' title='bbox 1006 2369 1048 2432; x_wconf 93' lang='lat' dir='ltr'>de</span> <span class='ocrx_word' id='word_1_133' title='bbox 1065 2369 1298 2453; x_wconf 88' lang='lat' dir='ltr'>martyribus⁴;</span> <span class='ocrx_word' id='word_1_134' title='bbox 1321 2373 1406 2436; x_wconf 86' lang='lat' dir='ltr'>anti·</span> 
     </span>
     <span class='ocr_line' id='line_1_19' title="bbox 207 2453 1203 2543; baseline -0.003 -21"><span class='ocrx_word' id='word_1_135' title='bbox 207 2459 321 2542; x_wconf 92' lang='lat' dir='ltr'>phona</span> <span class='ocrx_word' id='word_1_136' title='bbox 334 2456 415 2520; x_wconf 78' lang='lat' dir='ltr'>Lux</span> <span class='ocrx_word' id='word_1_137' title='bbox 420 2464 575 2539; x_wconf 78' lang='lat' dir='ltr'>perpetua</span> <span class='ocrx_word' id='word_1_138' title='bbox 591 2453 720 2533; x_wconf 68' lang='lat' dir='ltr'>minor,³</span> <span class='ocrx_word' id='word_1_139' title='bbox 734 2454 914 2519; x_wconf 86' lang='lat' dir='ltr'>versiculus</span> <span class='ocrx_word' id='word_1_140' title='bbox 930 2455 1082 2543; x_wconf 66' lang='lat' dir='ltr'>chciosa</span> <span class='ocrx_word' id='word_1_141' title='bbox 1096 2466 1144 2519; x_wconf 87' lang='lat' dir='ltr'>est</span> <span class='ocrx_word' id='word_1_142' title='bbox 1159 2458 1203 2520; x_wconf 84' lang='lat' dir='ltr'>in.</span> 
     </span>
    </p>
   </div>
   <div class='ocr_carea' id='block_1_10' title="bbox 206 2575 1406 2750">
    <p class='ocr_par' dir='ltr' id='par_1_10' title="bbox 206 2575 1406 2750">
     <span class='ocr_line' id='line_1_20' title="bbox 248 2575 1406 2660; baseline -0.001 -17"><span class='ocrx_word' id='word_1_143' title='bbox 248 2585 282 2655; x_wconf 65' lang='lat' dir='ltr'>{I</span> <span class='ocrx_word' id='word_1_144' title='bbox 305 2577 403 2643; x_wconf 85' lang='lat' dir='ltr'>Feria</span> <span class='ocrx_word' id='word_1_145' title='bbox 424 2576 474 2641; x_wconf 89' lang='lat' dir='ltr'>.vi.</span> <span class='ocrx_word' id='word_1_146' title='bbox 497 2575 540 2640; x_wconf 92' lang='lat' dir='ltr'>de</span> <span class='ocrx_word' id='word_1_147' title='bbox 562 2583 680 2639; x_wconf 89' lang='lat' dir='ltr'>sancto</span> <span class='ocrx_word' id='word_1_148' title='bbox 701 2575 890 2654; x_wconf 90' lang='lat' dir='ltr'>Edmundo,</span> <span class='ocrx_word' id='word_1_149' title='bbox 907 2585 941 2640; x_wconf 89' lang='lat' dir='ltr'>et</span> <span class='ocrx_word' id='word_1_150' title='bbox 957 2578 1116 2640; x_wconf 89' lang='lat' dir='ltr'>memoria</span> <span class='ocrx_word' id='word_1_151' title='bbox 1132 2579 1176 2642; x_wconf 92' lang='lat' dir='ltr'>de</span> <span class='ocrx_word' id='word_1_152' title='bbox 1191 2579 1406 2660; x_wconf 83' lang='lat' dir='ltr'>martyribus⁴</span> 
     </span>
     <span class='ocr_line' id='line_1_21' title="bbox 206 2662 1208 2750; baseline -0.003 -20"><span class='ocrx_word' id='word_1_153' title='bbox 206 2666 390 2750; x_wconf 84' lang='lat' dir='ltr'>antiphona</span> <span class='ocrx_word' id='word_1_154' title='bbox 404 2664 481 2727; x_wconf 80' lang='lat' dir='ltr'>Lux</span> <span class='ocrx_word' id='word_1_155' title='bbox 486 2673 644 2746; x_wconf 79' lang='lat' dir='ltr'>perpetua</span> <span class='ocrx_word' id='word_1_156' title='bbox 660 2664 776 2741; x_wconf 87' lang='lat' dir='ltr'>minor,</span> <span class='ocrx_word' id='word_1_157' title='bbox 790 2662 970 2726; x_wconf 88' lang='lat' dir='ltr'>versiculus</span> <span class='ocrx_word' id='word_1_158' title='bbox 985 2663 1139 2727; x_wconf 79' lang='lat' dir='ltr'>Preciosa</span> <span class='ocrx_word' id='word_1_159' title='bbox 1153 2673 1208 2727; x_wconf 85' lang='lat' dir='ltr'>est.</span> 
     </span>
    </p>
   </div>
   <div class='ocr_carea' id='block_1_11' title="bbox 203 2782 1404 3041">
    <p class='ocr_par' dir='ltr' id='par_1_11' title="bbox 203 2782 1404 3041">
     <span class='ocr_line' id='line_1_22' title="bbox 247 2782 1404 2867; baseline -0.003 -16"><span class='ocrx_word' id='word_1_160' title='bbox 247 2788 293 2865; x_wconf 67' lang='grc' dir='ltr'>Ἢ</span> <span class='ocrx_word' id='word_1_161' title='bbox 315 2786 476 2861; x_wconf 85' lang='lat' dir='ltr'>Sabbato,</span> <span class='ocrx_word' id='word_1_162' title='bbox 490 2783 533 2846; x_wconf 92' lang='lat' dir='ltr'>de</span> <span class='ocrx_word' id='word_1_163' title='bbox 548 2782 661 2866; x_wconf 87' lang='lat' dir='ltr'>vigilia</span> <span class='ocrx_word' id='word_1_164' title='bbox 682 2783 928 2862; x_wconf 85' lang='lat' dir='ltr'>Penthecostes,</span> <span class='ocrx_word' id='word_1_165' title='bbox 944 2785 1171 2867; x_wconf 88' lang='lat' dir='ltr'>Responsoria</span> <span class='ocrx_word' id='word_1_166' title='bbox 1184 2784 1262 2848; x_wconf 86' lang='lat' dir='ltr'>Non</span> <span class='ocrx_word' id='word_1_167' title='bbox 1277 2795 1404 2850; x_wconf 85' lang='lat' dir='ltr'>contur-</span> 
     </span>
     <span class='ocr_line' id='line_1_23' title="bbox 203 2870 1403 2954; baseline -0.002 -16"><span class='ocrx_word' id='word_1_168' title='bbox 203 2873 303 2952; x_wconf 79' lang='lat' dir='ltr'>betur,</span> <span class='ocrx_word' id='word_1_169' title='bbox 328 2873 401 2954; x_wconf 84' lang='lat' dir='ltr'>Ego</span> <span class='ocrx_word' id='word_1_170' title='bbox 424 2870 547 2953; x_wconf 82' lang='lat' dir='ltr'>rogabo,</span> <span class='ocrx_word' id='word_1_171' title='bbox 575 2870 621 2934; x_wconf 82' lang='lat' dir='ltr'>Si</span> <span class='ocrx_word' id='word_1_172' title='bbox 640 2871 749 2948; x_wconf 59' lang='lat' dir='ltr'>emim</span> <span class='ocrx_word' id='word_1_173' title='bbox 776 2872 937 2934; x_wconf 89' lang='lat' dir='ltr'>memoria</span> <span class='ocrx_word' id='word_1_174' title='bbox 958 2871 1002 2934; x_wconf 89' lang='lat' dir='ltr'>de</span> <span class='ocrx_word' id='word_1_175' title='bbox 1023 2881 1140 2935; x_wconf 87' lang='lat' dir='ltr'>sancta</span> <span class='ocrx_word' id='word_1_176' title='bbox 1164 2872 1281 2949; x_wconf 87' lang='lat' dir='ltr'>Maria,</span> <span class='ocrx_word' id='word_1_177' title='bbox 1303 2883 1337 2937; x_wconf 94' lang='lat' dir='ltr'>et</span> <span class='ocrx_word' id='word_1_178' title='bbox 1360 2873 1403 2936; x_wconf 92' lang='lat' dir='ltr'>de</span> 
     </span>
     <span class='ocr_line' id='line_1_24' title="bbox 204 2957 1354 3041; baseline -0.002 -16"><span class='ocrx_word' id='word_1_179' title='bbox 204 2959 370 3026; x_wconf 86' lang='lat' dir='ltr'>Omnibus</span> <span class='ocrx_word' id='word_1_180' title='bbox 386 2958 526 3024; x_wconf 82' lang='lat' dir='ltr'>Sanctis</span> <span class='ocrx_word' id='word_1_181' title='bbox 572 2958 629 3021; x_wconf 89' lang='lat' dir='ltr'>Ad</span> <span class='ocrx_word' id='word_1_182' title='bbox 646 2958 797 3040; x_wconf 87' lang='lat' dir='ltr'>primam,</span> <span class='ocrx_word' id='word_1_183' title='bbox 814 2957 1005 3041; x_wconf 89' lang='lat' dir='ltr'>Capitulum</span> <span class='ocrx_word' id='word_1_184' title='bbox 1020 2958 1170 3037; x_wconf 80' lang='lat' dir='ltr'>Domine,</span> <span class='ocrx_word' id='word_1_185' title='bbox 1185 2959 1354 3025; x_wconf 71' lang='lat' dir='ltr'>miserere.⁷</span> 
     </span>
    </p>
   </div>
   <div class='ocr_carea' id='block_1_12' title="bbox 199 3076 1402 3424">
    <p class='ocr_par' dir='ltr' id='par_1_12' title="bbox 199 3076 1402 3424">
     <span class='ocr_line' id='line_1_25' title="bbox 376 3076 1402 3161; baseline 0.001 -19"><span class='ocrx_word' id='word_1_186' title='bbox 376 3086 410 3156; x_wconf 74' lang='lat'>([</span> <span class='ocrx_word' id='word_1_187' title='bbox 435 3079 473 3142; x_wconf 92' lang='lat' dir='ltr'>ln</span> <span class='ocrx_word' id='word_1_188' title='bbox 490 3077 543 3141; x_wconf 91' lang='lat' dir='ltr'>die</span> <span class='ocrx_word' id='word_1_189' title='bbox 560 3076 804 3155; x_wconf 85' lang='lat' dir='ltr'>Penthecostes,</span> <span class='ocrx_word' id='word_1_190' title='bbox 818 3088 852 3142; x_wconf 94' lang='lat' dir='ltr'>et</span> <span class='ocrx_word' id='word_1_191' title='bbox 868 3099 928 3161; x_wconf 88' lang='lat' dir='ltr'>per</span> <span class='ocrx_word' id='word_1_192' title='bbox 946 3077 1204 3157; x_wconf 86' lang='lat' dir='ltr'>hebdomadam,</span> <span class='ocrx_word' id='word_1_193' title='bbox 1226 3089 1336 3145; x_wconf 88' lang='lat' dir='ltr'>totum</span> <span class='ocrx_word' id='word_1_194' title='bbox 1358 3082 1402 3145; x_wconf 93' lang='lat' dir='ltr'>de</span> 
     </span>
     <span class='ocr_line' id='line_1_26' title="bbox 376 3163 1399 3250; baseline 0 -20"><span class='ocrx_word' id='word_1_195' title='bbox 376 3166 575 3230; x_wconf 88' lang='lat' dir='ltr'>solennitate</span> <span class='ocrx_word' id='word_1_196' title='bbox 600 3164 697 3244; x_wconf 85' lang='lat' dir='ltr'>sesti;</span> <span class='ocrx_word' id='word_1_197' title='bbox 728 3174 760 3228; x_wconf 89' lang='lat' dir='ltr'>et</span> <span class='ocrx_word' id='word_1_198' title='bbox 785 3163 866 3228; x_wconf 92' lang='lat' dir='ltr'>nihil</span> <span class='ocrx_word' id='word_1_199' title='bbox 890 3165 933 3228; x_wconf 93' lang='lat' dir='ltr'>de</span> <span class='ocrx_word' id='word_1_200' title='bbox 958 3174 1075 3229; x_wconf 87' lang='lat' dir='ltr'>sancto</span> <span class='ocrx_word' id='word_1_201' title='bbox 1102 3166 1265 3244; x_wconf 89' lang='lat' dir='ltr'>Barnaba,</span> <span class='ocrx_word' id='word_1_202' title='bbox 1291 3187 1399 3250; x_wconf 88' lang='lat' dir='ltr'>neque</span> 
     </span>
     <span class='ocr_line' id='line_1_27' title="bbox 199 3249 1399 3338; baseline 0.001 -22"><span class='ocrx_word' id='word_1_203' title='bbox 199 3257 329 3318; x_wconf 84' lang='lat' dir='ltr'>sancto⁸</span> <span class='ocrx_word' id='word_1_204' title='bbox 358 3252 503 3317; x_wconf 89' lang='lat' dir='ltr'>Ricardo</span> <span class='ocrx_word' id='word_1_205' title='bbox 532 3253 597 3316; x_wconf 93' lang='lat' dir='ltr'>isto</span> <span class='ocrx_word' id='word_1_206' title='bbox 626 3272 724 3315; x_wconf 84' lang='lat' dir='ltr'>anno</span> <span class='ocrx_word' id='word_1_207' title='bbox 785 3252 886 3317; x_wconf 91' lang='lat' dir='ltr'>Nulla</span> <span class='ocrx_word' id='word_1_208' title='bbox 915 3249 1086 3316; x_wconf 81' lang='lat' dir='ltr'>differatur</span> <span class='ocrx_word' id='word_1_209' title='bbox 1115 3253 1289 3330; x_wconf 89' lang='lat' dir='ltr'>dominica,</span> <span class='ocrx_word' id='word_1_210' title='bbox 1319 3253 1399 3338; x_wconf 88' lang='lat' dir='ltr'>quia</span> 
     </span>
     <span class='ocr_line' id='line_1_28' title="bbox 199 3340 535 3424; baseline -0.009 -20"><span class='ocrx_word' id='word_1_211' title='bbox 199 3351 333 3424; x_wconf 89' lang='lat' dir='ltr'>tempus</span> <span class='ocrx_word' id='word_1_212' title='bbox 347 3342 448 3407; x_wconf 89' lang='lat' dir='ltr'>breue</span> <span class='ocrx_word' id='word_1_213' title='bbox 463 3340 535 3402; x_wconf 66' lang='lat' dir='ltr'>est.⁹</span> 
     </span>
    </p>
   </div>
   <div class='ocr_carea' id='block_1_13' title="bbox 198 3457 1396 3612">
    <p class='ocr_par' dir='ltr' id='par_1_13' title="bbox 198 3457 1396 3612">
     <span class='ocr_line' id='line_1_29' title="bbox 241 3457 1396 3544; baseline 0.001 -20"><span class='ocrx_word' id='word_1_214' title='bbox 241 3468 275 3538; x_wconf 65' lang='lat'>{1</span> <span class='ocrx_word' id='word_1_215' title='bbox 298 3461 351 3524; x_wconf 90' lang='lat' dir='ltr'>De</span> <span class='ocrx_word' id='word_1_216' title='bbox 382 3461 474 3525; x_wconf 89' lang='lat' dir='ltr'>sestis</span> <span class='ocrx_word' id='word_1_217' title='bbox 499 3459 599 3523; x_wconf 90' lang='lat' dir='ltr'>trium</span> <span class='ocrx_word' id='word_1_218' title='bbox 630 3457 808 3523; x_wconf 88' lang='lat' dir='ltr'>lectionum</span> <span class='ocrx_word' id='word_1_219' title='bbox 839 3457 898 3523; x_wconf 86' lang='lat' dir='ltr'>fiat</span> <span class='ocrx_word' id='word_1_220' title='bbox 928 3459 1098 3536; x_wconf 86' lang='lat' dir='ltr'>memoria,</span> <span class='ocrx_word' id='word_1_221' title='bbox 1125 3460 1210 3523; x_wconf 89' lang='lat' dir='ltr'>sicut</span> <span class='ocrx_word' id='word_1_222' title='bbox 1233 3481 1293 3544; x_wconf 91' lang='lat' dir='ltr'>per</span> <span class='ocrx_word' id='word_1_223' title='bbox 1316 3459 1396 3526; x_wconf 95' lang='lat' dir='ltr'>heb-</span> 
     </span>
     <span class='ocr_line' id='line_1_30' title="bbox 198 3548 506 3612; baseline 0 0"><span class='ocrx_word' id='word_1_224' title='bbox 198 3548 379 3612; x_wconf 89' lang='lat' dir='ltr'>domadam</span> <span class='ocrx_word' id='word_1_225' title='bbox 395 3549 506 3612; x_wconf 89' lang='lat' dir='ltr'>Pasce.</span> 
     </span>
    </p>
   </div>
   <div class='ocr_carea' id='block_1_14' title="bbox 200 3128 342 3201">
    <p class='ocr_par' dir='ltr' id='par_1_14' title="bbox 200 3128 342 3201">
     <span class='ocr_line' id='line_1_31' title="bbox 200 3128 342 3201; baseline -0.007 -14"><span class='ocrx_word' id='word_1_226' title='bbox 200 3132 274 3201; x_wconf 85' lang='lat' dir='ltr'>June</span> <span class='ocrx_word' id='word_1_227' title='bbox 288 3128 342 3201; x_wconf 90' lang='lat'>11.]</span> 
     </span>
    </p>
   </div>
   <div class='ocr_carea' id='block_1_15' title="bbox 190 3845 1428 4511">
    <p class='ocr_par' dir='ltr' id='par_1_15' title="bbox 226 3845 1309 3912">
     <span class='ocr_line' id='line_1_32' title="bbox 226 3845 1309 3912; baseline 0.001 -10"><span class='ocrx_word' id='word_1_228' title='bbox 226 3851 397 3903; x_wconf 80' lang='lat' dir='ltr'>¹0mittatur:</span> <span class='ocrx_word' id='word_1_229' title='bbox 414 3849 455 3912; x_wconf 87' lang='lat'>87,</span> <span class='ocrx_word' id='word_1_230' title='bbox 467 3849 507 3899; x_wconf 82' lang='lat'>88.</span> <span class='ocrx_word' id='word_1_231' title='bbox 849 3845 1014 3898; x_wconf 70' lang='lat' dir='ltr'>”deoctuuis</span> <span class='ocrx_word' id='word_1_232' title='bbox 1024 3849 1186 3900; x_wconf 84' lang='lat' dir='ltr'>Ascensiouis</span> <span class='ocrx_word' id='word_1_233' title='bbox 1197 3851 1309 3903; x_wconf 87' lang='lat' dir='ltr'>Domini.</span> 
     </span>
    </p>

    <p class='ocr_par' dir='ltr' id='par_1_16' title="bbox 225 3911 1202 3977">
     <span class='ocr_line' id='line_1_33' title="bbox 225 3911 1202 3977; baseline -0.004 -8"><span class='ocrx_word' id='word_1_234' title='bbox 225 3916 237 3949; x_wconf 85' lang='lat'>⁸</span> <span class='ocrx_word' id='word_1_235' title='bbox 253 3917 383 3969; x_wconf 82' lang='lat' dir='ltr'>Secunde:</span> <span class='ocrx_word' id='word_1_236' title='bbox 399 3933 446 3965; x_wconf 74' lang='lat' dir='ltr'>ont.</span> <span class='ocrx_word' id='word_1_237' title='bbox 460 3914 501 3977; x_wconf 87' lang='lat'>87,</span> <span class='ocrx_word' id='word_1_238' title='bbox 514 3913 553 3963; x_wconf 89' lang='lat'>88.</span> <span class='ocrx_word' id='word_1_239' title='bbox 847 3911 858 3943; x_wconf 80' lang='lat'><strong>⁴</strong></span> <span class='ocrx_word' id='word_1_240' title='bbox 874 3913 920 3963; x_wconf 90' lang='lat' dir='ltr'>SS.</span> <span class='ocrx_word' id='word_1_241' title='bbox 936 3913 1019 3963; x_wconf 88' lang='lat' dir='ltr'>Primo</span> <span class='ocrx_word' id='word_1_242' title='bbox 1031 3924 1055 3964; x_wconf 89' lang='lat' dir='ltr'>et</span> <span class='ocrx_word' id='word_1_243' title='bbox 1067 3914 1202 3966; x_wconf 84' lang='lat' dir='ltr'>Feliciano.</span> 
     </span>
    </p>

    <p class='ocr_par' dir='ltr' id='par_1_17' title="bbox 194 3979 1394 4163">
     <span class='ocr_line' id='line_1_34' title="bbox 226 3979 1394 4049; baseline -0.001 -15"><span class='ocrx_word' id='word_1_244' title='bbox 226 3981 238 4012; x_wconf 76' lang='lat'>⁸</span> <span class='ocrx_word' id='word_1_245' title='bbox 253 3983 332 4033; x_wconf 79' lang='lat' dir='ltr'>maior</span> <span class='ocrx_word' id='word_1_246' title='bbox 343 4001 350 4033; x_wconf 73' lang='grc' dir='ltr'><strong>ε</strong></span> <span class='ocrx_word' id='word_1_247' title='bbox 367 3981 408 4044; x_wconf 88' lang='lat'>87,</span> <span class='ocrx_word' id='word_1_248' title='bbox 421 3979 460 4030; x_wconf 89' lang='lat'>88.</span> <span class='ocrx_word' id='word_1_249' title='bbox 474 3980 573 4029; x_wconf 85' lang='lat' dir='ltr'>minor:</span> <span class='ocrx_word' id='word_1_250' title='bbox 591 3979 666 4028; x_wconf 81' lang='lat' dir='ltr'>Brcv.</span> <span class='ocrx_word' id='word_1_251' title='bbox 680 3979 738 4028; x_wconf 84' lang='lat' dir='ltr'>Sar.</span> <span class='ocrx_word' id='word_1_252' title='bbox 748 3979 788 4037; x_wconf 86' lang='lat' dir='ltr'>(in</span> <span class='ocrx_word' id='word_1_253' title='bbox 800 3979 872 4036; x_wconf 81' lang='lat' dir='ltr'>Pica)</span> <span class='ocrx_word' id='word_1_254' title='bbox 880 3979 1032 4028; x_wconf 72' lang='lat' dir='ltr'>dccccludii.</span> <span class='ocrx_word' id='word_1_255' title='bbox 1067 3980 1129 4028; x_wconf 70' lang='lat' dir='ltr'>Lux</span> <span class='ocrx_word' id='word_1_256' title='bbox 1134 3989 1256 4045; x_wconf 75' lang='lat' dir='ltr'>perpetua</span> <span class='ocrx_word' id='word_1_257' title='bbox 1266 3984 1344 4049; x_wconf 81' lang='lat' dir='ltr'>major</span> <span class='ocrx_word' id='word_1_258' title='bbox 1354 3996 1394 4037; x_wconf 83' lang='lat' dir='ltr'>est</span> 
     </span>
     <span class='ocr_line' id='line_1_35' title="bbox 194 4043 1099 4163; baseline -0.006 -65"><span class='ocrx_word' id='word_1_259' title='bbox 194 4048 307 4145; x_wconf 57' lang='lat' dir='ltr'>³⁰0⁸r2‘v&#39;</span> <span class='ocrx_word' id='word_1_260' title='bbox 321 4050 381 4161; x_wconf 55' lang='lat' dir='ltr'>Surzi</span> <span class='ocrx_word' id='word_1_261' title='bbox 393 4044 489 4163; x_wconf 55' lang='lat' dir='ltr'>iiggsh</span> <span class='ocrx_word' id='word_1_262' title='bbox 525 4046 621 4094; x_wconf 75' lang='lat' dir='ltr'>litant.</span> <span class='ocrx_word' id='word_1_263' title='bbox 636 4044 697 4093; x_wconf 83' lang='lat' dir='ltr'>Lux</span> <span class='ocrx_word' id='word_1_264' title='bbox 707 4051 827 4108; x_wconf 67' lang='lat' dir='ltr'>perpetua</span> <span class='ocrx_word' id='word_1_265' title='bbox 838 4043 919 4094; x_wconf 87' lang='lat' dir='ltr'>minor</span> <span class='ocrx_word' id='word_1_266' title='bbox 931 4044 989 4093; x_wconf 78' lang='lat' dir='ltr'>ibid</span> <span class='ocrx_word' id='word_1_267' title='bbox 1004 4043 1028 4093; x_wconf 92' lang='lat' dir='ltr'>ii.</span> <span class='ocrx_word' id='word_1_268' title='bbox 1043 4056 1099 4108; x_wconf 80' lang='lat'>355.</span> 
     </span>
    </p>

    <p class='ocr_par' dir='ltr' id='par_1_18' title="bbox 236 4123 458 4173">
     <span class='ocr_line' id='line_1_36' title="bbox 236 4123 458 4173; baseline -0.005 -11"><span class='ocrx_word' id='word_1_269' title='bbox 236 4140 269 4149; x_wconf 97' lang='lat'><em>—</em></span> <span class='ocrx_word' id='word_1_270' title='bbox 293 4129 349 4162; x_wconf 82' lang='lat' dir='ltr'>om:</span> <span class='ocrx_word' id='word_1_271' title='bbox 382 4123 406 4173; x_wconf 86' lang='lat'>7,</span> <span class='ocrx_word' id='word_1_272' title='bbox 452 4148 458 4161; x_wconf 89' lang='lat'><strong>.</strong></span> 
     </span>
    </p>

    <p class='ocr_par' dir='ltr' id='par_1_19' title="bbox 224 4173 598 4242">
     <span class='ocr_line' id='line_1_37' title="bbox 224 4173 598 4242; baseline -0.013 -14"><span class='ocrx_word' id='word_1_273' title='bbox 224 4176 283 4228; x_wconf 81' lang='lat' dir='ltr'>⁸de</span> <span class='ocrx_word' id='word_1_274' title='bbox 294 4178 371 4242; x_wconf 77' lang='lat' dir='ltr'>before</span> <span class='ocrx_word' id='word_1_275' title='bbox 380 4186 483 4226; x_wconf 81' lang='lat' dir='ltr'>sancto:</span> <span class='ocrx_word' id='word_1_276' title='bbox 501 4173 542 4236; x_wconf 85' lang='lat'>87,</span> <span class='ocrx_word' id='word_1_277' title='bbox 558 4187 598 4224; x_wconf 88' lang='lat' dir='ltr'>ot.</span> 
     </span>
    </p>

    <p class='ocr_par' dir='ltr' id='par_1_20' title="bbox 190 4237 1428 4511">
     <span class='ocr_line' id='line_1_38' title="bbox 223 4237 1389 4319; baseline -0.001 -26"><span class='ocrx_word' id='word_1_278' title='bbox 223 4241 235 4273; x_wconf 79' lang='lat'><em>⁰</em></span> <span class='ocrx_word' id='word_1_279' title='bbox 251 4244 364 4319; x_wconf 83' lang='lat' dir='ltr'>Tempus</span> <span class='ocrx_word' id='word_1_280' title='bbox 381 4244 453 4291; x_wconf 82' lang='lat' dir='ltr'>breue</span> <span class='ocrx_word' id='word_1_281' title='bbox 469 4242 533 4290; x_wconf 85' lang='lat' dir='ltr'>inter</span> <span class='ocrx_word' id='word_1_282' title='bbox 550 4249 651 4290; x_wconf 81' lang='lat' dir='ltr'>octauas</span> <span class='ocrx_word' id='word_1_283' title='bbox 663 4237 805 4303; x_wconf 80' lang='lat' dir='ltr'>Epiphanie</span> <span class='ocrx_word' id='word_1_284' title='bbox 823 4246 847 4288; x_wconf 84' lang='lat' dir='ltr'>et</span> <span class='ocrx_word' id='word_1_285' title='bbox 864 4238 1078 4303; x_wconf 78' lang='lat' dir='ltr'>Septuagesimam</span> <span class='ocrx_word' id='word_1_286' title='bbox 1096 4239 1195 4300; x_wconf 87' lang='lat' dir='ltr'>dicitur,</span> <span class='ocrx_word' id='word_1_287' title='bbox 1212 4243 1314 4306; x_wconf 82' lang='lat' dir='ltr'>quando</span> <span class='ocrx_word' id='word_1_288' title='bbox 1330 4258 1389 4297; x_wconf 80' lang='lat' dir='ltr'>sunt</span> 
     </span>
     <span class='ocr_line' id='line_1_39' title="bbox 192 4303 1387 4382; baseline -0.005 -23"><span class='ocrx_word' id='word_1_289' title='bbox 192 4309 208 4359; x_wconf 72' lang='lat' dir='ltr'>&#39;u</span> <span class='ocrx_word' id='word_1_290' title='bbox 227 4308 363 4366; x_wconf 82' lang='lat' dir='ltr'>domimos,</span> <span class='ocrx_word' id='word_1_291' title='bbox 381 4308 421 4356; x_wconf 86' lang='lat' dir='ltr'>vel</span> <span class='ocrx_word' id='word_1_292' title='bbox 438 4307 463 4356; x_wconf 85' lang='lat' dir='ltr'>ii.</span> <span class='ocrx_word' id='word_1_293' title='bbox 482 4306 615 4363; x_wconf 87' lang='lat' dir='ltr'>dominice,</span> <span class='ocrx_word' id='word_1_294' title='bbox 633 4313 677 4354; x_wconf 79' lang='lat' dir='ltr'>aut</span> <span class='ocrx_word' id='word_1_295' title='bbox 694 4306 763 4353; x_wconf 82' lang='lat' dir='ltr'>nulla</span> <span class='ocrx_word' id='word_1_296' title='bbox 779 4303 913 4353; x_wconf 80' lang='lat' dir='ltr'>dominica.</span> <span class='ocrx_word' id='word_1_297' title='bbox 952 4305 1027 4353; x_wconf 78' lang='lat' dir='ltr'>Crede</span> <span class='ocrx_word' id='word_1_298' title='bbox 1038 4305 1145 4363; x_wconf 65' lang='lat' dir='ltr'>Mtctig</span> <span class='ocrx_word' id='word_1_299' title='bbox 1156 4304 1197 4369; x_wconf 81' lang='lat'>65,</span> <span class='ocrx_word' id='word_1_300' title='bbox 1215 4323 1240 4382; x_wconf 89' lang='lat' dir='ltr'>p.</span> <span class='ocrx_word' id='word_1_301' title='bbox 1259 4320 1300 4372; x_wconf 79' lang='lat'>45.</span> <span class='ocrx_word' id='word_1_302' title='bbox 1336 4311 1387 4362; x_wconf 61' lang='lat' dir='ltr'>Sed</span> 
     </span>
     <span class='ocr_line' id='line_1_40' title="bbox 190 4368 1386 4441; baseline 0.003 -18"><span class='ocrx_word' id='word_1_303' title='bbox 190 4391 206 4423; x_wconf 83' lang='lat' dir='ltr'>a</span> <span class='ocrx_word' id='word_1_304' title='bbox 228 4374 291 4424; x_wconf 82' lang='lat' dir='ltr'>festo</span> <span class='ocrx_word' id='word_1_305' title='bbox 312 4372 442 4423; x_wconf 77' lang='lat' dir='ltr'>Trinitatis</span> <span class='ocrx_word' id='word_1_306' title='bbox 464 4387 541 4435; x_wconf 84' lang='lat' dir='ltr'>usque</span> <span class='ocrx_word' id='word_1_307' title='bbox 562 4371 706 4420; x_wconf 80' lang='lat' dir='ltr'>Adventum</span> <span class='ocrx_word' id='word_1_308' title='bbox 728 4378 826 4433; x_wconf 84' lang='lat' dir='ltr'>tempus</span> <span class='ocrx_word' id='word_1_309' title='bbox 847 4369 919 4418; x_wconf 80' lang='lat' dir='ltr'>breue</span> <span class='ocrx_word' id='word_1_310' title='bbox 935 4368 1024 4418; x_wconf 89' lang='lat' dir='ltr'>dicitur</span> <span class='ocrx_word' id='word_1_311' title='bbox 1040 4385 1097 4419; x_wconf 89' lang='lat' dir='ltr'>cum</span> <span class='ocrx_word' id='word_1_312' title='bbox 1114 4370 1163 4420; x_wconf 89' lang='lat' dir='ltr'>sint</span> <span class='ocrx_word' id='word_1_313' title='bbox 1182 4374 1239 4437; x_wconf 77' lang='lat' dir='ltr'>xxij.</span> <span class='ocrx_word' id='word_1_314' title='bbox 1260 4376 1300 4424; x_wconf 88' lang='lat' dir='ltr'>vel</span> <span class='ocrx_word' id='word_1_315' title='bbox 1316 4377 1386 4441; x_wconf 80' lang='lat' dir='ltr'>xxiij.</span> 
     </span>
     <span class='ocr_line' id='line_1_41' title="bbox 190 4433 1428 4511; baseline 0 -21"><span class='ocrx_word' id='word_1_316' title='bbox 190 4439 315 4490; x_wconf 85' lang='lat' dir='ltr'>dominice</span> <span class='ocrx_word' id='word_1_317' title='bbox 325 4454 375 4504; x_wconf 87' lang='lat' dir='ltr'>que</span> <span class='ocrx_word' id='word_1_318' title='bbox 385 4439 479 4487; x_wconf 83' lang='lat' dir='ltr'>habent</span> <span class='ocrx_word' id='word_1_319' title='bbox 490 4435 571 4486; x_wconf 85' lang='lat' dir='ltr'>officia</span> <span class='ocrx_word' id='word_1_320' title='bbox 582 4435 682 4501; x_wconf 75' lang='lat' dir='ltr'>propris</span> <span class='ocrx_word' id='word_1_321' title='bbox 692 4444 798 4495; x_wconf 82' lang='lat' dir='ltr'>tantum,</span> <span class='ocrx_word' id='word_1_322' title='bbox 811 4435 871 4484; x_wconf 81' lang='lat' dir='ltr'>ibid.</span> <span class='ocrx_word' id='word_1_323' title='bbox 885 4438 898 4494; x_wconf 67' lang='grc'>5</span> <span class='ocrx_word' id='word_1_324' title='bbox 912 4446 966 4497; x_wconf 85' lang='lat'>123,</span> <span class='ocrx_word' id='word_1_325' title='bbox 979 4450 1004 4499; x_wconf 83' lang='lat' dir='ltr'>p.</span> <span class='ocrx_word' id='word_1_326' title='bbox 1018 4433 1057 4499; x_wconf 82' lang='lat'>65.</span> <span class='ocrx_word' id='word_1_327' title='bbox 1093 4435 1158 4496; x_wconf 88' lang='lat' dir='ltr'>[Sub</span> <span class='ocrx_word' id='word_1_328' title='bbox 1169 4447 1183 4501; x_wconf 84' lang='lat'>5</span> <span class='ocrx_word' id='word_1_329' title='bbox 1194 4441 1225 4487; x_wconf 76' lang='lat' dir='ltr'>A.</span> <span class='ocrx_word' id='word_1_330' title='bbox 1237 4449 1295 4491; x_wconf 86' lang='lat' dir='ltr'>sunt</span> <span class='ocrx_word' id='word_1_331' title='bbox 1306 4440 1390 4506; x_wconf 76' lang='lat' dir='ltr'>xxiii]</span> <span class='ocrx_word' id='word_1_332' title='bbox 1420 4496 1428 4511; x_wconf 26' lang='lat' dir='ltr'>x</span> 
     </span>
    </p>
   </div>
   <div class='ocr_carea' id='block_1_16' title="bbox 1183 4516 1258 4569">
    <p class='ocr_par' dir='ltr' id='par_1_21' title="bbox 1183 4516 1258 4569">
     <span class='ocr_line' id='line_1_42' title="bbox 1183 4516 1258 4569; baseline 0.013 -1"><span class='ocrx_word' id='word_1_333' title='bbox 1183 4516 1258 4569; x_wconf 75' lang='lat'>112</span> 
     </span>
    </p>
   </div>
   <div class='ocr_carea' id='block_1_17' title="bbox 0 0 1690 5224">
    <p class='ocr_par' dir='ltr' id='par_1_22' title="bbox 0 0 1690 5224">
     <span class='ocr_line' id='line_1_43' title="bbox 0 0 1690 5224; baseline 0 9"><span class='ocrx_word' id='word_1_334' title='bbox 0 0 1690 5224; x_wconf 95' lang='lat' dir='ltr'> </span> 
     </span>
    </p>
   </div>
  </div>
 </body>
</html>
