3326 5208
251 461 298 513 232
566 446 841 496 DIRECTORIUM
869 447 1137 499 SACERDOTUM.

294 608 327 678 11
352 602 447 664 Feria
459 601 498 664 ii.
514 609 548 663 et
558 599 674 663 ceteris
687 599 772 662 seriis
782 620 841 681 per
852 598 1110 673 hebdomadam,
1122 601 1164 664 de
1175 601 1304 665 ieiunio.
1344 603 1381 686 [k
1397 603 1465 686 xi]

253 690 309 753 Ad
325 708 481 770 vesperas
496 689 542 749 et¹
558 688 738 751 matutinas
754 686 851 750 beate
869 687 975 750 Marie
989 689 1126 771 virginis
1141 740 1148 753 .
1165 690 1197 752 in
1212 690 1273 752 iiii.
1298 690 1380 753 seria
1404 689 1464 754 fiat

252 777 412 838 memoria
427 776 469 839 de
485 774 706 856 martyribus.²

295 894 329 964 11
354 888 449 950 Feria
464 887 514 951 iii.
527 886 681 950 dicuntur
692 887 847 968 Exequie
859 886 1078 955 Mortuorum,
1090 907 1166 949 cum
1183 887 1236 950 ix.
1254 887 1463 963 lectionibus,

253 989 286 1039 et
303 975 404 1037 missa
419 977 452 1038 in
469 974 619 1038 crastino.
666 974 832 1056 Deinceps
847 974 1039 1056 quotidiane
1054 976 1197 1056 exequie
1219 995 1288 1039 non
1312 976 1469 1040 dicantur

253 1063 284 1124 in
301 1073 476 1138 conuentu,
491 1080 594 1143 vsque
609 1070 686 1143 post
701 1060 806 1141 (Deus
819 1060 988 1142 ommicm).

431 1180 464 1250 11
489 1174 554 1236 Die
568 1172 678 1243 Pasce,
686 1184 722 1236 et
733 1192 792 1255 per
804 1172 1062 1246 hebdomadam,
1074 1183 1182 1236 totum
1200 1175 1242 1237 de
1258 1175 1462 1239 solennitate

433 1261 515 1324 sesti.
560 1259 665 1322 ³Nihil
683 1260 725 1322 de
741 1271 858 1322 sancto
874 1260 1054 1341 Alphego³

297 1378 331 1448 11
356 1372 491 1436 Festum
508 1372 613 1435 sancti
629 1372 765 1456 Georgii
788 1371 961 1435 differatur
976 1391 1081 1453 vsque
1096 1373 1129 1434 in
1146 1372 1201 1435 ‚xi
1217 1373 1307 1436 diem
1326 1373 1417 1435 Maii.

297 1490 331 1560 11
357 1485 395 1547 ln
412 1484 588 1549 dominicis
603 1484 729 1557 diebus,
744 1485 881 1566 quando
896 1484 938 1546 de
953 1483 1068 1565 aliquo
1082 1496 1200 1548 sancto
1217 1483 1254 1548 tit
1277 1487 1464 1563 seruicium,

255 1571 315 1635 fiat
344 1571 490 1635 solennis
521 1572 681 1634 memoria
704 1572 747 1634 de
777 1571 953 1647 dominica,
978 1571 1021 1633 ad
1047 1582 1204 1654 vtrasque
1234 1594 1392 1655 vesperas
1417 1576 1465 1636 et⁴

256 1660 455 1723 matutinas:
478 1659 537 1722 sed
554 1678 724 1740 nunquam
740 1658 783 1721 ad
801 1659 945 1722 missam.

298 1778 332 1848 11
355 1770 522 1835 Omnibus
537 1791 615 1833 vero
630 1770 722 1834 sestis
738 1791 812 1833 cum
837 1772 997 1854 regimine
1019 1770 1120 1845 chori,
1135 1791 1155 1833 a
1180 1771 1284 1834 Pasca
1300 1793 1404 1855 vsque
1421 1773 1463 1834 ad

256 1860 403 1943 vigiliam
436 1857 651 1922 Ascensionis
679 1858 816 1920 Domini
841 1858 1022 1933 exclusiue,
1047 1856 1105 1920 fiat
1129 1858 1276 1921 solennis
1303 1860 1464 1922 memoria

257 1948 299 2010 de
323 1946 569 2019 resurrectione,
585 1946 628 2008 ad
652 1965 815 2027 vesperas,
841 1945 1030 2019 matutinas
1046 1955 1080 2007 et
1096 1945 1139 2007 ad
1165 1946 1322 2008 missam:
1346 1948 1407 2008 nisi
1432 1947 1463 2007 in

260 2035 458 2096 quentione
483 2030 606 2095 Sancte
632 2032 755 2104 Crucis,
780 2042 814 2094 et
840 2032 871 2094 in
897 2031 1045 2094 sabbatis
1069 2033 1112 2094 ad
1137 2053 1303 2113 vesperas.
1358 2033 1464 2096 Bene·

257 2121 419 2184 dictiones
435 2119 565 2182 feriales
582 2139 646 2181 non
664 2120 831 2182 dicuntur⁶
845 2139 950 2200 vsque
965 2128 1042 2201 post
1057 2119 1150 2183 Deus
1163 2121 1319 2182 omnium.

433 2238 467 2308 11
492 2232 670 2295 Dominica
705 2232 751 2303 lin
785 2231 884 2311 albis)
922 2232 1042 2314 prima⁰
1079 2241 1155 2313 post
1202 2232 1315 2305 Pasca,
1355 2233 1465 2294 minus

435 2320 563 2400 duplex
587 2368 593 2380 .
618 2328 726 2382 totum
743 2318 985 2381 dedominica:
1009 2329 1042 2381 et
1054 2320 1155 2380 missa
1165 2319 1207 2382 de
1221 2319 1466 2382 resurrectione.

261 2407 337 2469 Non
364 2405 496 2469 dicituri
521 2406 619 2479 Deus,
644 2407 704 2487 qui
734 2406 890 2468 hodierna
916 2406 970 2468 die
991 2455 997 2467 .
1022 2407 1079 2467 sed
1106 2406 1206 2480 Deus,
1230 2407 1291 2488 qui
1306 2417 1368 2486 per
1393 2408 1465 2469 enri-

254 2492 412 2575 gem‘tum.
458 2493 606 2575 Vespere
622 2503 718 2556 erunt
734 2493 776 2556 de
791 2505 908 2556 sancto
926 2493 1049 2567 Marco,
1065 2503 1099 2555 et
1123 2494 1283 2556 memoria
1307 2494 1466 2555 solennis⁸

259 2581 302 2649 de
317 2580 493 2652 dominica,
510 2591 544 2643 et
559 2582 602 2643 de
618 2582 863 2644 resurrectione.

303 2699 337 2769 11
361 2693 457 2755 Feria
483 2693 532 2766 .ii.,
558 2693 600 2755 de
624 2701 741 2755 sancto
768 2693 892 2766 Maron,
919 2691 1060 2754 Inferius
1086 2691 1222 2773 duplex.
1281 2691 1383 2753 Nulla
1408 2690 1468 2755 fiat

261 2779 436 2863 processi0,
453 2784 527 2843 nec⁹
542 2781 709 2843 ieiunium.

304 2899 338 2969 11
362 2892 458 2955 Feria
474 2893 525 2954 iii.
538 2895 580 2955 de
597 2891 684 2956 seria.
731 2891 1159 2974 ResponsoriaDtgfnuses.
1206 2890 1309 2953 Missa
1325 2890 1468 2952 domini·

260 2982 352 3044 calis.

254 1224 333 1295 April
350 1220 402 1293 18.]

259 2282 339 2354 April
350 2279 404 2352 25]

262 3182 363 3246 chori.

307 3300 340 3370 11
366 3293 461 3356 Feria
477 3313 514 3356 .v.
530 3293 572 3355 de
589 3291 674 3354 sesto
690 3291 759 3353 loci.

307 3413 340 3483 11
365 3406 461 3469 Feria
475 3405 533 3479 .vi.,
550 3405 593 3467 de
608 3413 724 3466 sancta
747 3403 861 3466 Maria.

308 3526 341 3596 11
366 3518 525 3593 Sabbat0,
540 3517 582 3580 de
604 3516 798 3599 apostolis¹⁰

310 3637 344 3707 11
367 3630 434 3692 Vbi
453 3628 535 3691 fiunt
551 3638 617 3691 tres
633 3628 976 3702 commemorationes,
993 3627 1057 3689 ¹¹In
1076 3626 1137 3687 hac
1153 3625 1373 3699 hebdomada,
1391 3624 1473 3687 nihil

268 3718 326 3782 fiat
338 3718 381 3780 de
407 3717 508 3778 tercia
532 3715 881 3778 comrnemoratione.¹¹
928 3715 985 3777 Ad
1011 3734 1164 3795 vesperas
1189 3713 1221 3774 in
1247 3713 1396 3783 sabbate,
1415 3710 1474 3776 fiat

267 3805 413 3869 solennis
430 3804 588 3865 memoria
603 3804 646 3866 de
662 3803 847 3865 dominica:
870 3813 904 3864 et
921 3800 977 3864 fiat
993 3802 1167 3884 processio

301 4050 309 4080 ¹
328 4050 378 4101 ed:
397 4052 507 4099 inserted
515 4049 554 4100 88.
867 4049 877 4079 ²
894 4049 939 4100 SS.
955 4049 1081 4113 Tyburcio
1092 4058 1117 4098 et
1132 4049 1274 4098 Valeriano.

300 4116 354 4153 ³-³
369 4133 416 4165 oni.
431 4116 472 4176 87,
485 4115 524 4164 88.
864 4114 874 4145 ⁴
890 4116 939 4164 nd:
957 4117 1067 4163 inserted
1075 4114 1116 4175 87,
1129 4114 1168 4164 88.

301 4180 312 4209 ⁶
328 4182 442 4231 dicantur
456 4200 462 4231 ε
480 4182 519 4241 87.
870 4178 881 4209 ⁶
897 4179 991 4230 seilicet
1001 4181 1078 4244 defore
1089 4180 1186 4244 prima:
1204 4179 1245 4240 87,
1258 4177 1297 4227 88.

302 4246 313 4341 ἰ
328 4247 441 4296 dicatur:
460 4246 502 4307 87,
514 4246 555 4296 88.
869 4244 1033 4340 5⁰³0¹fssfliii
1043 4262 1090 4294 om.
1105 4245 1146 4306 87,
1159 4244 1198 4293 88.

303 4328 428 4426 rin-ellum}
440 4312 487 4426 iii,
499 4311 561 4426 {ila
580 4376 623 4426 fiat
642 4393 691 4426 vna
705 4312 955 4425 commemoratos&
969 4311 1128 4425 ῗξέιέρειῖεξὲ
1136 4310 1312 4449 1331ῒίωῇ
1322 4374 1347 4423 in
1364 4373 1481 4449 capitulo

272 4443 370 4556 dicatup
386 4442 412 4492 in
429 4443 574 4493 dominica:
593 4444 633 4503 87,
652 4442 701 4492 88:
721 4443 750 4490 In
768 4441 802 4491 iii.
823 4441 884 4490 leria
902 4441 946 4491 fiat
962 4457 1011 4490 sna
1028 4451 1053 4490 et
1071 4440 1148 4490 missa
1167 4439 1327 4490 dominicahs
1343 4440 1435 4489 dicitur
1454 4455 1482 4489 ιιι

271 4516 357 4573 capitu
367 4525 382 4557 o
394 4526 400 4559 ε
418 4519 459 4569 97,
471 4520 512 4557 οι.
