3372 5224
285 401 331 452 168
596 402 869 454 DIRECTORIUM
899 404 1165 455 SACERDOTUM.

286 555 351 609 Feb·
365 553 420 626 20-]
455 561 488 630 (Ι
512 556 690 618 Dominica
706 557 738 619 in
756 556 846 630 lxx,
863 565 934 620 tota
949 556 1080 620 dicatur
1094 556 1237 619 historia

325 670 359 740 (Ι
383 666 478 730 Feria
493 668 532 731 ii.
548 668 590 731 de
606 667 691 732 sesto
706 669 777 732 loci.

325 783 360 853 (Ι
383 779 478 842 Feria
508 779 559 843 iii.
589 781 631 843 de
662 791 778 844 sancto
809 782 928 844 Petro.¹
987 781 1220 845 lnuitatorium
1252 780 1374 862 triplex
1429 779 1484 842 ix.

282 861 449 928 lectiones.
495 866 550 930 Ad
568 860 704 930 missam
720 868 829 932 dictur
847 868 946 934 Credo
962 918 969 931 .
985 877 1019 931 et
1037 868 1181 931 Prefatio
1197 868 1239 930 de
1258 867 1426 950 apostolis.

325 982 360 1052 (Ι
383 977 478 1040 Feria
494 980 556 1042 iiii.
572 981 614 1043 de
631 981 719 1056 seria,
735 1001 810 1044 cum
827 982 928 1043 missa
943 981 1090 1044 eiusdem
1109 981 1195 1044 serie.

324 1094 359 1164 (Ι
382 1088 525 1154 Sanctus
542 1092 689 1156 Mathias
705 1113 770 1156 non
788 1093 889 1157 habet
903 1094 1059 1175 vigiliam,
1076 1094 1137 1155 nisi
1154 1093 1312 1155 ieiunium
1328 1100 1469 1154 tantum.

324 1206 358 1276 (Ι
381 1202 477 1264 Feria
492 1225 529 1265 .v.
545 1203 587 1266 de
602 1215 719 1268 sancto
736 1205 874 1282 Mathia,
891 1204 1031 1268 inferius
1047 1204 1182 1287 duplex.

324 1318 357 1387 (Ι
382 1313 478 1378 Feria
493 1316 541 1378 .vi.
558 1316 601 1378 de
616 1315 714 1380 seria:
738 1327 771 1380 et
789 1318 1012 1400 Responsoria
1028 1316 1153 1379 ferialia
1167 1316 1330 1380 dicuntur.

324 1430 358 1500 (Ι
381 1423 540 1503 Sabbato‚
554 1427 597 1490 de
607 1437 722 1492 sancta
732 1429 847 1492 Maria.
886 1429 954 1491 Vbi
969 1427 1054 1493 fiunt
1068 1437 1134 1491 tres
1144 1428 1486 1500 commemorationes,

282 1512 315 1574 in
331 1512 393 1574 iiii.
410 1512 490 1576 feria
507 1514 564 1577 fiat
579 1536 644 1578 vna
660 1517 940 1580 commemoratio.

324 1629 359 1699 (Ι
383 1625 421 1687 In
437 1646 526 1687 anno
542 1627 688 1691 bisextili
705 1628 826 1692 festum
842 1628 947 1691 sancti
961 1627 1090 1691 Mathie
1104 1627 1324 1690 celebrabitur
1339 1627 1371 1689 in
1387 1635 1485 1688 sexta

282 1710 369 1773 seria.
416 1712 462 1774 Et
477 1722 556 1776 tunc
573 1716 674 1777 tercia
689 1717 963 1779 commemoratio
984 1716 1044 1779 erit
1067 1715 1099 1777 in
1116 1736 1154 1777 .v.
1172 1715 1259 1778 seria.
1305 1714 1352 1776 Et
1373 1714 1406 1775 in
1423 1713 1485 1775 iiii.

282 1796 361 1860 feria
376 1799 532 1863 dicuntur
547 1802 771 1884 Responsoria
790 1801 923 1865 ferialia.

324 1916 359 1986 (Ι
381 1910 428 1973 Et
452 1920 530 1975 tunc
557 1913 600 1976 ab
627 1915 689 1978 hoc
713 1914 854 1978 sabbato
879 1934 983 1997 vsque
1012 1913 1056 1976 ad
1083 1913 1327 1976 inchoationem
1352 1911 1487 1976 historie

283 1996 491 2079 Inprimpo
513 2048 520 2061 .
543 2002 725 2083 accipiatur
751 2003 906 2084 quintum
922 2003 965 2077 A,
981 2022 1041 2083 pro
1071 2001 1181 2064 littera
1208 2000 1397 2063 dominicali
1422 2049 1428 2061 .
1452 2009 1486 2061 et

283 2084 456 2147 inchoetur
470 2087 513 2149 ad
530 2086 733 2150 dominicam
749 2090 967 2171 sexagesime.

285 2201 351 2256 Feb·
366 2197 421 2270 27·]
456 2204 491 2274 (Ι
514 2198 693 2262 Dominica
708 2200 740 2263 in
757 2199 821 2276 .lx.,
837 2210 909 2264 tota
925 2201 1054 2264 dicatur
1072 2199 1218 2262 historia.

325 2316 359 2386 (Ι
383 2310 479 2372 Feria
495 2311 534 2372 ii.
550 2312 592 2373 de
608 2311 693 2375 sesto
708 2312 780 2376 loci.

325 2428 360 2498 (Ι
383 2422 479 2485 Feria
494 2422 545 2485 iii.
562 2421 603 2484 de
618 2432 735 2487 sancto
752 2425 873 2502 Dauid,
888 2425 933 2487 ix.
950 2423 1130 2488 lectiones²

326 2539 360 2609 (Ι
384 2534 479 2596 Feria
495 2534 543 2596 .iv.
560 2533 602 2597 de
618 2545 734 2620 sancto
752 2536 867 2601 Cedda
890 2538 943 2600 ix.
961 2537 1142 2600 lectiones.²

326 2651 360 2721 (Ι
384 2645 480 2708 Feria
496 2667 532 2708 .v.
549 2648 591 2709 de
606 2647 695 2725 feria,
710 2668 786 2712 cum
803 2649 903 2711 missa
918 2659 1035 2731 quarte
1052 2647 1139 2711 serie.

327 2763 360 2832 (Ι
384 2757 480 2820 Feria
495 2758 544 2820 .vi.
560 2758 602 2821 de
618 2759 705 2823 feria.
752 2760 907 2843 Epistola
922 2772 955 2825 et
971 2759 1179 2843 euangelium
1196 2759 1344 2822 eiusdem
1362 2757 1447 2820 ferie.

327 2876 360 2945 (Ι
384 2869 721 2948 Sabbat0,desancta
737 2874 852 2937 Maria.
890 2874 958 2938 Vbi
975 2872 1058 2937 hunt
1073 2882 1139 2936 tres
1149 2870 1490 2945 commemorationes,

285 2957 318 3020 in
334 2979 371 3020 .v.
389 2956 468 3019 seria
484 2956 542 3021 fiat
557 2978 622 3022 vna
637 2962 918 3025 commemoratio.

288 3073 435 3146 March6.]
458 3080 493 3150 (Ι
516 3073 695 3136 Dominica
710 3074 742 3136 in
759 3074 797 3149 .l.,
814 3083 887 3137 tota
902 3082 1055 3137 cantetur
1075 3073 1219 3135 historia.

276 3190 280 3199 ’
329 3192 363 3262 (Ι
386 3188 483 3251 Feria
497 3187 537 3250 ii.
553 3188 595 3250 de
611 3185 697 3249 festo
712 3185 783 3249 loci.
830 3186 1006 3249 Memoria³
1021 3186 1063 3249 de
1079 3185 1281 3266 virginibus.⁴

329 3305 364 3375 (Ι
386 3300 414 3362 F
416 3300 483 3361 eria
498 3299 550 3361 iii.
566 3297 609 3361 de
624 3308 740 3360 sancta
756 3298 871 3361 Maria.

331 3412 369 3495 [g
383 3410 458 3493 .vii.]
503 3417 536 3486 (Ι
561 3411 656 3474 Feria
671 3410 735 3474 iiii.
751 3412 784 3474 in
800 3412 909 3495 capite
925 3411 1045 3488 ieiunii,
1060 3411 1102 3474 de
1119 3409 1206 3473 seria.

331 3537 365 3607 (Ι
390 3531 465 3595 Hac
489 3532 552 3609 die,
577 3539 610 3594 et
633 3531 737 3595 tribus
758 3531 875 3595 diebus
898 3532 1121 3613 sequentibus,
1145 3530 1187 3593 ad
1213 3529 1364 3611 primam,
1388 3537 1421 3590 et
1448 3528 1491 3590 ad

289 3619 371 3682 alias
385 3618 493 3694 horas,
509 3620 621 3681 omnia
637 3617 719 3681 hant
735 3618 820 3682 sicut
835 3618 869 3681 in
885 3619 1030 3681 secunda
1047 3617 1126 3680 seria
1149 3629 1225 3700 post
1240 3615 1381 3678 Domine
1396 3635 1433 3677 ne
1456 3614 1491 3677 in

290 3708 351 3782 ira,
366 3725 441 3769 curn
457 3707 606 3768 oratione
621 3704 664 3769 de
679 3705 741 3768 die.

333 3824 368 3894 (Ι
391 3817 488 3880 Feria
503 3839 539 3880 .v.
556 3818 598 3879 de
625 3817 753 3894 ieiuni0,
777 3837 852 3880 cum
877 3818 1108 3899 Responsoriis
1133 3818 1175 3880 de
1198 3816 1306 3898 primo
1330 3822 1494 3876 nocturno

290 3905 426 3969 historie
440 3903 655 3967 dominicalis.

334 4023 369 4093 (Ι
392 4017 488 4079 Feria
503 4017 554 4079 .vi.
570 4016 612 4078 de
628 4015 757 4079 ieiunio.
804 4016 849 4079 Et
864 4017 983 4080 dicitur
998 4016 1060 4079 iiii.
1078 4014 1339 4098 Responsorium
1352 4013 1495 4088 historie,

291 4124 368 4168 cum
383 4104 514 4168 duobus
530 4102 705 4167 ferialibus.

324 4321 334 4354 ¹
351 4322 478 4373 Cathedra
489 4322 516 4373 S.
531 4322 606 4372 Petri.

325 4387 337 4418 ‘²
352 4387 444 4449 oracio,
458 4396 483 4437 et
493 4396 584 4447 cetera,
596 4387 628 4438 de
639 4386 782 4439 communi:
799 4389 855 4438 adm
869 4398 911 4450 97,
923 4400 963 4438 01.

325 4452 336 4485 ³
351 4461 377 4503 et
387 4453 465 4517 before
475 4453 611 4503 memoria:
629 4451 670 4514 87,
682 4452 722 4503 88.
897 4454 909 4483 ⁴
925 4454 972 4504 SS.
987 4455 1109 4519 Perpetua
1121 4462 1146 4503 et
1158 4451 1295 4504 Felicitate.
