3326 5208
616 463 774 513 Pataram
788 464 825 512 a.
859 466 914 513 xvi.
1325 477 1371 528 271

208 617 243 687 (Ι
267 612 364 675 Feria
378 613 418 677 ii.
434 613 478 677 de
493 613 578 678 festo
594 614 667 691 loci,
681 624 716 679 et
731 616 893 681 memoria
907 617 951 681 de
965 618 1100 682 octauis.

209 729 244 799 (Ι
268 725 365 787 Feria
379 725 431 789 iii.
443 725 486 788 de
501 736 618 790 sancto
635 727 821 792 Dunstano.
868 729 981 793 Medic
998 729 1158 793 lectiones
1181 730 1224 793 de
1246 731 1375 793 octauis

167 811 351 888 Trinitatis,
366 832 441 875 cum
465 812 627 877 versiculo
648 826 683 878 et
707 815 940 896 Responsoriis
956 816 1123 899 deprimo
1139 828 1311 895 nocturno,
1327 820 1372 882 et¹

168 899 330 961 memoria
345 897 516 962 desancta
533 900 744 979 Potenciana,
759 913 794 965 et
810 912 927 984 postea
941 903 984 965 de
999 905 1134 968 octauis.

211 1127 245 1197 (Ι
269 1123 367 1185 Feria
392 1143 430 1187 .v.
457 1122 578 1187 festum
610 1124 766 1207 Corporis
796 1125 939 1190 Christi:
977 1127 1084 1190 maius
1114 1127 1251 1209 duplex.
1318 1128 1374 1191 Ad

169 1210 332 1272 secundas
341 1229 505 1292 vesperas,
517 1210 702 1293 antiphona
716 1212 905 1293 Sapientia:
921 1213 1070 1296 psalmus
1079 1214 1180 1278 Dixit
1189 1215 1355 1278 Dominus
1365 1239 1377 1278 .·

170 1296 330 1377 Hymnus
347 1296 462 1360 Sacra
475 1298 650 1361 solenniis:
672 1300 853 1362 versiculus
866 1300 994 1364 Pomm
1009 1301 1049 1364 de
1062 1302 1130 1365 celo.

212 1413 246 1484 (Ι
269 1408 315 1471 Et
338 1409 384 1471 sic
407 1428 466 1491 per
487 1417 576 1472 totas
598 1420 755 1475 octauas:
778 1411 914 1493 quando
934 1414 978 1476 de
999 1414 1141 1476 octauis⁴
1156 1414 1285 1496 agitur:
1308 1432 1376 1475 non

170 1495 293 1647 gigitptri
304 1494 439 1646 (tginlgig
454 1495 517 1558 tibi
528 1495 693 1579 Domine),
706 1498 780 1560 Nisi
796 1498 932 1580 quando
942 1497 979 1563 fit
990 1500 1165 1564 seruicium
1175 1503 1219 1564 de
1230 1499 1379 1583 Corpore

214 1700 248 1770 (Ι
271 1695 433 1777 Quotidie
463 1715 522 1776 per
551 1705 696 1769 octauas,
734 1705 769 1759 et
798 1696 831 1758 in
862 1700 1005 1774 octaua,⁴
1037 1698 1158 1762 dicitur
1195 1696 1380 1780 Sequentia

172 1780 252 1844 Ecce
258 1782 362 1862 panis
375 1782 573 1863 angelorum,
585 1784 721 1864 quando
736 1782 779 1846 de
793 1784 921 1847 octauis
936 1785 1053 1868 agitur.
1107 1784 1165 1848 Ad
1182 1786 1377 1849 memoriam

175 1869 217 1931 de
228 1869 367 1946 octauis,
382 1869 529 1951 Quando
545 1867 582 1931 fit
598 1871 773 1933 seruicium
789 1871 832 1933 de
847 1871 960 1953 aliquo
976 1870 1062 1935 sesto
1077 1872 1122 1935 ix.
1139 1872 1318 1935 lectionum
1335 1873 1377 1935 ad

174 1975 340 2038 vesperas,
350 1956 529 2019 versiculus
540 1955 668 2020 Panem
683 1957 723 2019 dc
737 1957 818 2033 celo,
834 1966 868 2020 et
883 1959 927 2021 ad
943 1960 1138 2022 matutinas²
1152 1959 1274 2022 Posuit
1282 1959 1379 2041 fims.

217 2073 251 2143 (Ι
275 2067 434 2144 Sabbato,
450 2070 493 2131 de
508 2070 667 2132 octauis⁴:
690 2077 757 2131 tres
781 2068 939 2132 lectiones
961 2079 995 2133 et
1018 2071 1179 2134 memoria
1194 2071 1236 2133 de
1252 2071 1381 2134 octauis

176 2154 358 2219 Trinitatis.
403 2155 460 2218 Ad
477 2176 630 2239 vesperas
646 2157 679 2218 in
695 2155 846 2233 sabbato,
861 2155 954 2220 nulla
969 2155 1028 2220 fiat
1049 2158 1188 2222 omnino
1213 2159 1382 2234 memoria,

176 2244 254 2325 quia
269 2243 333 2305 ista
348 2242 517 2305 dominica
531 2242 733 2306 transfertur.

179 2403 240 2458 Mai
253 2420 269 2457 2
352 2359 387 2429 (Ι
410 2354 590 2418 Dominica
605 2354 689 2417 infra
705 2365 843 2418 octauas
862 2354 1018 2438 Corporis
1042 2355 1185 2420 Christi:
1209 2365 1317 2419 totum
1340 2358 1384 2419 de

270 2402 308 2475 4]
355 2442 435 2525 ipsis
450 2443 588 2519 octauis,
604 2451 638 2505 et
653 2441 745 2505 nulla
755 2442 922 2505 memoria.
967 2443 1025 2506 Ad
1037 2443 1189 2527 primam,
1199 2442 1383 2525 antiphona

181 2525 213 2588 T
209 2547 225 2588 e
239 2527 318 2591 ium.

220 2646 255 2716 (Ι
277 2640 374 2703 Feria
389 2641 428 2704 .ii.
444 2642 487 2704 de
496 2650 613 2704 sancto
625 2640 805 2704 Aldelmo:
828 2640 873 2703 ix.
886 2641 1053 2704 lectiones.
1100 2642 1213 2705 Medic
1225 2641 1384 2705 lectiones

177 2727 219 2789 de
236 2729 404 2809 martyre,³
419 2736 453 2790 et
469 2727 630 2791 memoria
644 2729 687 2791 de
702 2728 850 2790 octauis.⁴

221 2846 255 2917 (Ι
278 2840 376 2904 Feria
398 2840 449 2904 iii.
465 2841 508 2902 de
530 2849 647 2903 sancto
669 2838 881 2921 Augustino:
906 2838 1046 2902 Inferius
1070 2838 1217 2921 duplex:
1240 2839 1386 2903 solennis

182 2928 342 2991 memoria
371 2928 414 2990 de
444 2928 585 2990 octauis⁴
615 2925 658 2988 ad
689 2936 846 3008 vtrasque
875 2946 1039 3008 vesperas,
1070 2928 1260 3003 matutinas,
1284 2938 1318 2990 et
1340 2928 1382 2990 ad

178 3035 322 3078 missam.

181 3216 269 3277 soria
299 3215 342 3277 de
368 3213 477 3296 primo
506 3220 678 3275 nocturno.
724 3211 780 3274 Ad
811 3231 975 3293 vesperas,
1001 3211 1062 3274 hec
1092 3212 1164 3275 sola
1201 3212 1385 3293 antiphona

179 3300 362 3451 popedon·
400 3299 529 3383 psalmi,
554 3308 587 3362 et
619 3309 730 3361 cetera
761 3299 884 3375 omnia,
914 3298 1000 3362 sicut
1031 3299 1063 3361 in
1094 3299 1210 3382 primis
1240 3302 1386 3381 vesperis

191 3408 227 3451 es
244 3409 262 3451 1.

223 3505 257 3575 (Ι
282 3500 378 3563 Feria
392 3520 429 3562 .v.
446 3498 641 3574 deoctaua,⁴
659 3496 892 3561 Inuitatorium
914 3496 1047 3579 triplex.
1092 3497 1206 3561 Medic
1228 3497 1387 3560 lectiones

181 3586 224 3650 de
239 3597 356 3650 sancto
366 3584 543 3649 Germano.
577 3584 635 3647 Ad
645 3585 809 3647 secundas
821 3604 986 3665 vesperas,
994 3583 1179 3666 antiphona
1192 3583 1365 3666 Sapientia
1374 3608 1387 3648 .·

183 3673 341 3756 psalmus,
355 3672 458 3736 Dixit
469 3671 636 3735 Dominus
647 3694 660 3734 .·
684 3672 853 3753 Hymnus,
870 3669 985 3733 Sacris
998 3671 1152 3734 solenniis
1163 3693 1176 3734 .·
1197 3671 1386 3746 versiculus,

180 3762 307 3824 Panem
322 3760 362 3823 de
374 3760 443 3823 cela.

225 3878 259 3948 (Ι
284 3872 379 3935 Feria
394 3871 443 3935 .vi.
459 3872 502 3934 de
517 3869 603 3933 festo
618 3869 689 3932 loci.

227 3991 261 4061 (Ι
284 3983 444 4057 Sabbat0,
467 3984 509 4046 de
532 3990 647 4045 sancta
672 3981 787 4043 Maria
833 3980 888 4042 Ad
913 4000 1068 4063 vesperas
1091 3980 1221 4044 dicatur
1237 3981 1389 4064 Respon-

188 4073 312 4135 sorium
327 4071 436 4134 Deum
451 4070 552 4133 time:
568 4069 729 4131 memoria
744 4068 787 4129 de
801 4068 950 4149 virgine,l
964 4078 999 4130 et
1013 4068 1057 4132 de
1073 4065 1198 4131 Sancta
1214 4067 1387 4133 Trinitate.

187 4159 234 4222 Et
248 4157 307 4222 fiat
320 4157 495 4242 processi0,
511 4165 545 4220 et
560 4157 690 4221 dicatur
705 4154 853 4237 psalmus
867 4154 931 4216 Ad
941 4164 972 4216 te
985 4155 1099 4217 leuam'
1110 4165 1145 4217 et
1159 4156 1281 4219 ceteri.⁶

219 4384 228 4416 ¹
246 4396 288 4437 et:
305 4403 353 4435 om.
367 4385 409 4447 87,
421 4384 461 4436 88.
821 4380 833 4412 ²
848 4381 1000 4432 versiculus:
1017 4384 1074 4432 add.
1087 4382 1129 4445 87,
1141 4378 1181 4434 88.

220 4450 274 4502 ⁸5.
290 4452 401 4502 Urbano.
822 4446 967 4512 ‘eorporis
978 4447 1079 4497 Christi.

221 4515 232 4547 ⁸
248 4517 274 4568 S.
289 4517 433 4567 Petronilla
822 4510 833 4542 ⁶
849 4522 874 4562 et
884 4512 978 4563 ceteri:
993 4529 1042 4563 om,
1056 4512 1097 4575 87,
1109 4512 1151 4565 88.
