3372 5224
279 492 325 530 120
592 482 868 533 DIRECTORIUM
884 482 1150 532 SACERDOTUM.

275 634 365 697 calis
410 633 539 698 Tamen
563 636 598 698 in
613 636 676 698 .iiii.
693 635 780 711 seria,
797 644 831 699 et
854 636 887 698 in
902 635 1052 709 sabbato,
1069 634 1199 697 dicatur
1214 631 1476 716 Responsorium

277 720 397 784 feriale.
445 722 490 784 Et
513 723 545 785 in
570 723 609 785 .ii.
637 723 716 786 feria
740 722 798 786 fiat
820 724 862 787 de
884 732 1001 785 sancto
1023 721 1225 785 Valentino:
1251 721 1411 784 memoria
1433 719 1477 781 ad

274 825 429 891 vesperas
444 818 478 871 et
494 809 536 872 ad
554 810 734 873 matutinas
750 811 847 874 beate
862 810 1004 891 virginis.
1301 824 1305 829 ·

276 923 345 977 Feb.
358 920 413 993 zo]
451 918 486 988 {I
509 913 687 977 Dominica
701 914 740 976 .ii.
756 914 1019 996 quadragesime,
1034 920 1106 976 tota
1119 920 1274 975 cantetur
1288 910 1433 974 historia.

317 1036 352 1107 ΙΙ
375 1031 479 1093 Feriis
494 1030 534 1093 .ii.
557 1030 619 1092 .iiii.
642 1030 691 1092 .vi.
714 1040 748 1092 et
771 1030 921 1104 sabbato,
949 1030 992 1093 de
1016 1029 1146 1093 ieiunio.
1192 1029 1238 1091 Et
1262 1027 1295 1089 in
1320 1028 1371 1090 .vi.
1397 1026 1477 1089 seria

272 1117 394 1182 dicitur
408 1119 551 1201 primum
576 1117 837 1199 Responsorium
862 1115 982 1193 feriale,
998 1126 1032 1179 et
1058 1117 1148 1179 aliud
1174 1116 1207 1177 in
1234 1115 1384 1188 sabbato,
1401 1116 1476 1176 cuni

274 1204 500 1287 Responsorio
515 1204 625 1277 Pater,
635 1204 773 1286 peccaui.

315 1328 350 1398 (Ι
373 1323 470 1385 Feria
492 1322 542 1383 .iii.
565 1320 608 1384 de
633 1331 750 1383 sancto
777 1320 883 1393 Petro,
909 1319 1141 1383 Inuitatorium
1164 1317 1289 1400 triplex
1319 1317 1477 1380 solennis¹

272 1410 432 1557 memorlia
446 1410 489 1473 de
504 1408 634 1471 ieiunio.
679 1406 737 1471 Ad
755 1408 890 1471 missam
906 1407 1027 1470 dicitur
1055 1404 1155 1472 Credo
1177 1454 1184 1468 .
1208 1415 1242 1468 et
1267 1405 1411 1467 Prelatio
1433 1406 1476 1468 de

271 1507 391 1577 aposto
405 1517 440 1559 1s.

312 1622 347 1692 (Ι
370 1616 466 1678 Feria
494 1636 533 1678 .v.
561 1615 603 1677 de
629 1625 745 1678 sancto
777 1614 932 1692 Matthia,
967 1613 1107 1677 Inferius
1134 1612 1282 1697 duplex:
1317 1611 1475 1676 solennis¹

270 1704 431 1796 memoria
447 1703 488 1766 de
505 1702 637 1765 ieiunio.

311 1829 344 1900 ΙΙ
370 1823 409 1886 ln
433 1842 522 1885 anno
546 1821 694 1885 bisextili
721 1821 780 1885 fiat
804 1821 979 1884 seruicium
1003 1821 1046 1884 de
1072 1831 1189 1883 sancto
1214 1819 1344 1883 Mathia
1365 1819 1398 1881 in
1425 1820 1475 1882 .vi.

268 1908 369 1973 seria:
392 1920 426 1972 et
442 1909 584 1992 primum
610 1909 871 1993 Responsorium
896 1908 1008 1972 feriale
1032 1910 1066 1972 in
1082 1931 1118 1971 .v.
1136 1908 1216 1971 seria
1240 1908 1368 1983 dicitur,
1384 1916 1418 1969 et
1441 1907 1474 1968 in

196 2048 199 2053 .
267 1996 418 2071 'sabbato
430 2006 467 2059 vt
482 2016 590 2079 supra.

310 2120 345 2191 ΙΙ
367 2116 413 2179 Et
428 2126 510 2179 tune
523 2115 567 2179 ab
582 2116 645 2179 hoc
668 2117 810 2180 sabbato
833 2136 937 2199 vsque
960 2116 1002 2179 ad
1027 2116 1248 2198 inceptionem
1273 2114 1409 2177 historie
1431 2113 1474 2176 In

258 2202 432 2284 principio,
448 2204 628 2285 accipiatur
649 2205 791 2286 primum
806 2204 837 2265 Α
843 2251 851 2277 ,
867 2224 927 2286 pro
947 2203 1056 2266 littera
1076 2202 1286 2266 dominicali:
1309 2213 1343 2265 et
1360 2201 1473 2265 incho-

266 2300 341 2389 etur
355 2290 398 2353 ad
415 2291 552 2352 terciam
569 2291 772 2353 dominicam
789 2291 1053 2373 quadragesime.

441 2410 684 2487 [Dominica.
716 2412 756 2474 iii.
787 2410 1048 2494 quadragesime,
1076 2419 1148 2474 tota
1178 2412 1307 2473 dicatur
1336 2409 1474 2473 historia

267 2459 336 2513 Μ’·
350 2456 405 2530 ²7']
442 2498 658 2561 dominicalis.

259 2652 261 2659 ⁴
308 2629 343 2700 (I
365 2624 477 2687 ’Feria
492 2626 531 2688 .ii.
548 2634 585 2688 .v.
602 2628 650 2690 .vi.
666 2630 713 2691 et³
728 2628 878 2705 sabbato,
894 2629 937 2692 dc
953 2629 1083 2691 ieiunio
1127 2626 1319 2691 Versiculus
1335 2636 1369 2689 et
1391 2627 1473 2689 Res·

267 2712 423 2793 ponsoria
438 2712 577 2776 historie
593 2715 814 2779 dominicalis²
829 2736 887 2799 per
901 2717 1060 2780 ordinem.

310 2836 344 2907 (l
369 2830 408 2893 ln
424 2832 473 2896 .vi.
500 2834 580 2897 feria
606 2834 727 2898 dicitur
749 2838 892 2920 primum
921 2835 1184 2918 Responsorium
1212 2833 1334 2911 feriale,
1349 2841 1383 2896 et
1407 2832 1473 2895 alia

268 2916 335 2981 duo
351 2919 384 2980 in
401 2921 551 2984 sabbato.

309 3043 344 3114 (I
367 3039 464 3102 Feria
480 3041 532 3104 .iii.
549 3042 591 3105 de
607 3053 724 3106 sancto
740 3043 862 3121 Dauid,
878 3044 923 3108 ix.
936 3042 1116 3106 lectiones.⁴

309 3164 344 3234 (Ι
368 3159 466 3222 Feria
480 3160 530 3224 .iv.
547 3164 590 3226 de
605 3173 723 3227 sancto
739 3163 865 3241 Cedda,
881 3165 926 3226 ix.
943 3163 1125 3226 lectiones⁴

266 3290 368 3345 March
379 3289 418 3361 6.]
441 3288 476 3358 01
498 3281 676 3347 Dominica
691 3285 754 3347 .iiii.
770 3284 1033 3367 quadragesime,
1047 3285 1090 3347 de
1111 3282 1251 3345 seruicio
1273 3279 1473 3346 dominicali.

309 3406 344 3476 {I
367 3401 395 3463 F
396 3403 464 3465 eria
479 3403 519 3468 .ii.
535 3404 586 3467 .iii.
603 3405 665 3468 ,iiii
682 3428 719 3469 .v.
735 3415 769 3469 et
785 3406 834 3469 .vi.
850 3407 893 3470 de
909 3405 1039 3481 ieiuni0,
1055 3424 1131 3467 cum
1147 3402 1310 3466 versiculo
1330 3413 1365 3466 et
1388 3403 1473 3466 Res·

266 3489 428 3568 ponsoriis
451 3490 587 3554 historie
610 3492 827 3556 dominicalis.
875 3494 920 3557 Et
944 3494 976 3555 in
993 3492 1055 3555 .iiii.
1073 3492 1153 3554 seria
1176 3491 1296 3553 dicitur
1319 3490 1471 3572 Respone

266 3576 389 3637 sorium
421 3576 532 3639 feriale
562 3629 569 3642 .
600 3589 634 3641 et
664 3578 722 3644 fiat
753 3582 915 3643 memoria
944 3580 987 3642 de
1018 3578 1199 3661 virginibus
1239 3578 1403 3660 Perpetua
1437 3586 1472 3643 et

267 3661 296 3723 F
297 3660 464 3740 elicitate,⁶
479 3665 522 3727 ad
538 3685 694 3749 vesperas
709 3674 744 3730 et
761 3669 941 3730 matutinas
956 3666 1055 3730 beate
1066 3666 1179 3729 Marie.

309 3785 344 3856 ΙΙ
367 3780 524 3860 Sabbato,
539 3785 582 3847 de
605 3795 721 3849 sancto
745 3785 914 3870 Gregorio,
932 3784 1072 3849 Inferius
1094 3783 1230 3866 duplex.
1277 3782 1470 3865 Capitulum

265 3866 347 3930 Ecce
366 3870 512 3934 sacerdos
533 3871 579 3935 ix.
596 3873 755 3936 lectiones
778 3874 849 3936 sine
875 3871 1095 3954 expositione.
1143 3872 1182 3934 ln
1207 3870 1360 3933 laudibus
1382 3871 1472 3953 capi·

264 3953 372 4045 tulum
388 3956 649 4023 Benedictionem.
698 3959 864 4023 Secunde⁶
880 3979 1017 4041 vespere
1045 3967 1143 4022 erunt
1166 3958 1209 4020 de
1232 3958 1408 4035 dominica,
1425 3958 1471 4020 et⁷

267 4044 428 4105 memoria
443 4044 487 4106 de
501 4055 618 4110 sancto
634 4047 804 4129 Gregorio.

297 4266 307 4298 ¹
323 4270 395 4320 sola:
412 4269 452 4320 88.
805 4271 859 4311 Η
874 4274 1009 4338 repeated:
1027 4272 1068 4334 87,
1085 4272 1125 4322 88.

296 4333 308 4364 ⁸
324 4343 368 4385 et:
385 4352 432 4386 orn.
447 4335 487 4397 87,
501 4336 540 4387 88.
819 4338 830 4369 ⁴
845 4339 877 4389 de
889 4338 1015 4389 communi
1026 4339 1161 4387 secundum
1174 4337 1281 4389 Sarum:
1298 4339 1354 4387 adal
1373 4348 1415 4400 97,
1427 4351 1468 4387 01.

267 4397 444 4529 Mdndlagyime
456 4402 502 4453 SS.
517 4404 639 4469 Perpetua
650 4403 701 4454 and
713 4405 829 4456 Felicitas
840 4405 929 4471 placed
941 4405 998 4454 here
1010 4420 1043 4453 on
1056 4404 1224 4466 Wednesday,
1237 4404 1334 4453 instead
1344 4403 1415 4453 olon
1427 4404 1470 4453 the

297 4527 308 4559 ⁸
324 4530 457 4582 Secunde:
474 4548 520 4583 om.
536 4532 576 4596 87,
590 4534 629 4585 88.
827 4534 838 4568 ⁷
854 4535 981 4585 solennis:
999 4535 1055 4583 add.
1069 4544 1111 4596 97,
1124 4546 1164 4583 or.
