3316 5220
277 464 325 528 328
602 463 875 518 DIRECTORIUM
905 468 949 516 SA
954 467 1172 518 CERDOTUM.

321 624 355 694 (Ι
379 621 476 683 Feria
497 621 550 683 iii.
574 623 616 685 de
638 620 779 685 seruicio
801 622 1008 684 octauarum¹
1024 620 1095 682 :.iii.
1119 619 1298 683 lectiones:
1323 620 1493 683 memoria

278 706 320 768 de
351 716 468 770 sancto
498 708 678 790 Tyburcio,
708 716 742 772 et
779 707 822 771 de
851 708 979 770 octauis
1009 707 1115 770 sancti
1152 706 1331 770 Laurentii.
1378 707 1492 770 Missa

277 794 487 857 dominicalis
503 796 535 857 in
552 796 700 878 capitulo
715 795 866 859 dicatur.2

278 920 354 1062 LQI
379 914 476 977 Feria
507 914 571 979 iiii.
601 918 644 980 de
674 916 814 979 seruicio
841 916 1070 978 octauamm¹z
1105 914 1267 978 memoria
1296 915 1339 977 de
1366 924 1492 977 saneto

308 1003 467 1065 aurenti0.

319 1128 354 1200 (Ι
377 1122 473 1186 Feria
488 1125 582 1187 .v.de
597 1132 714 1187 sancto
728 1122 889 1205 Ypolito:
913 1123 958 1186 ix.
975 1122 1143 1185 lectiones.
1188 1123 1302 1185 Medie
1322 1122 1491 1185 lectiones

275 1211 317 1274 de
334 1211 461 1275 octauis
478 1212 563 1288 Iesu,
578 1220 612 1274 et
628 1212 789 1274 memoria
804 1212 847 1274 de
864 1211 940 1274 lesu
955 1218 990 1272 et
1005 1211 1047 1271 de
1062 1220 1179 1273 sancto
1196 1209 1385 1273 Laurentio.

318 1332 473 1423 flFeria
495 1333 545 1395 .vi.
567 1333 610 1395 de
633 1342 753 1395 octaua
784 1331 939 1394 Nominis
966 1332 1061 1394 lesu:
1093 1331 1137 1392 ix.
1162 1330 1329 1405 lectiones,
1354 1330 1489 1393 Inuita-

276 1420 397 1482 torium
415 1418 548 1501 triplex.
594 1419 709 1483 Medic
724 1418 883 1482 lectiones
898 1418 942 1481 de
957 1427 1074 1480 sancto
1091 1417 1248 1494 Eusebio,
1263 1427 1296 1479 et
1317 1418 1487 1479 memoria

275 1506 318 1569 de
333 1515 450 1569 sancto
467 1506 671 1569 Laurentio.⁸
707 1506 764 1570 Ad
782 1525 946 1588 vesperas,
959 1505 1120 1568 memoria
1136 1504 1178 1567 de
1197 1504 1273 1567 lesu
1288 1504 1487 1567 solenniter.

316 1633 351 1702 (Ι
374 1624 533 1702 Sabbato‚
549 1626 591 1688 de
607 1626 850 1708 Assumptione
865 1626 963 1689 beate
987 1624 1115 1688 Marie:
1139 1624 1261 1687 festum
1284 1624 1488 1706 principale.

273 1798 299 1850 Α
377 1797 394 1849 6
449 1744 699 1822 ¹³11Dominica
728 1747 780 1810 .iii.
812 1747 967 1828 Augusti,
994 1746 1037 1808 de
1066 1746 1194 1809 octauis
1214 1745 1487 1845 ,Assumptionis

300 1811 372 1866 1¹8st
395 1794 415 1867 “]
451 1834 559 1896 Marie
588 1842 698 1897 toturn
729 1833 875 1897 officium
907 1832 984 1897 fiat:
1018 1844 1052 1896 et
1084 1852 1244 1896 memoria
1274 1835 1317 1896 de
1347 1834 1485 1895 octauis

273 1919 379 1983 sancti
397 1919 587 1985 Laurentii:
610 1922 652 1984 de
668 1922 856 1984 dominica:
880 1931 914 1985 et
928 1923 972 1985 de
986 1920 1161 1983 Trinitate.

314 2047 348 2116 (Ι
373 2041 469 2104 Feria
498 2043 537 2104 .ii.
565 2042 607 2104 de
631 2043 794 2105 octauis⁴:
832 2052 899 2105 tres
924 2041 1105 2104 lectiones:
1145 2041 1344 2124 Antiphone
1377 2040 1485 2124 Virgo

264 2128 535 2208 prudentzssimu
560 2128 712 2191 Psalmus
734 2129 960 2191 Benedictus-³:
992 2128 1153 2191 memoria
1176 2128 1218 2190 de
1234 2137 1354 2190 octaua
1371 2131 1486 2192 sancti

272 2215 451 2279 Laurentii.
498 2216 602 2278 Missa
629 2215 672 2279 de
694 2217 822 2279 octauis
846 2216 878 2278 in
907 2215 1055 2298 capitulo
1078 2214 1222 2277 dicitur.⁶
1267 2216 1313 2278 Et
1337 2224 1419 2277 tunc
1443 2217 1481 2278 in

270 2322 402 2364 summa
419 2303 519 2365 missa
536 2302 627 2365 nulla
642 2303 704 2366 erit
721 2303 888 2366 memoria.

312 2420 346 2490 (Ι
370 2414 466 2477 Feria
480 2415 531 2476 iii.
548 2413 590 2476 de
605 2415 755 2491 octauis'J
771 2425 804 2477 et
822 2415 982 2477 memoria
998 2415 1041 2477 de
1059 2416 1227 2494 martyre.⁸

310 2532 345 2602 (Ι
370 2527 466 2589 Furia
480 2526 543 2589 iiii.
560 2528 601 2589 de
616 2527 754 2603 octauis,
769 2536 803 2590 et
819 2529 980 2589 memoria
996 2526 1038 2588 de
1054 2536 1170 2589 sancto
1188 2526 1323 2609 Magno.

309 2645 343 2714 (Ι
368 2638 516 2702 Feriam.
532 2639 574 2702 de
590 2640 740 2703 octauis!

310 2756 344 2826 (Ι
368 2751 466 2813 Feria
495 2751 544 2813 .vi.
576 2752 718 2815 octaua!
779 2751 836 2814 Ad
867 2772 1031 2834 vesperas,
1061 2751 1146 2815 s01a⁹
1168 2753 1354 2835 antiphona
1392 2754 1424 2815 T
1419 2764 1478 2816 oto

260 2837 399 2918 pulclzru
421 2859 475 2902 es:
493 2838 654 2921 psalmus
682 2839 781 2901 Dr‘uit
802 2838 974 2912 Dominus,
998 2849 1032 2903 et
1059 2850 1169 2902 cetera
1191 2840 1305 2903 omnia
1327 2841 1414 2903 sicut
1440 2843 1474 2904 in

267 2926 382 3006 primis
398 2927 553 3007 vesperis,
569 2934 603 2989 et
620 2926 780 2989 memoria
796 2927 839 2989 de
855 2927 1093 3009 martyribus¹⁰

309 3050 342 3120 (Ι
366 3043 526 3123 Sabbato,
556 3048 600 3109 de
630 3048 772 3109 octaua!
821 3045 879 3109 Ad
906 3048 1070 3110 secundas
1094 3067 1250 3129 vesperas
1277 3048 1319 3110 de
1349 3057 1475 3113 octaua

269 3130 327 3195 fiat
359 3134 523 3195 memoria
559 3134 602 3196 de
632 3134 802 3196 sanctis¹⁰:
833 3134 876 3196 de
898 3133 1089 3197 dominica:
1128 3136 1196 3197 ¹¹de
1226 3135 1413 3198 Trinitate:
1438 3147 1474 3200 et

297 3350 369 3400 Feria
380 3351 415 3401 iii.
428 3352 460 3402 de
472 3352 536 3402 sesto
547 3352 603 3402 loci.
640 3352 763 3402 Memoria
774 3353 805 3402 de
817 3352 888 3413 sesto,
901 3363 926 3403 et
937 3353 969 3402 de
981 3361 1029 3403 oct.
1044 3352 1081 3414 [S.
1097 3352 1242 3412 laurentii}

297 3416 369 3465 Feria
381 3417 424 3466 iiii.
438 3419 471 3466 tle
482 3417 508 3468 S.
524 3418 613 3477 Maria,
624 3428 650 3467 et
661 3418 780 3467 memoria
791 3419 823 3468 de
834 3429 883 3469 oct.
919 3418 961 3467 Ad
973 3418 1161 3483 completorium
1172 3433 1246 3482 super
1262 3417 1294 3465 Tc
1305 3417 1368 3464 lucis
1379 3415 1472 3465 dicitur

262 3492 350 3531 cantus
361 3482 525 3533 dominicalis.
1107 3488 1109 3492 ’

298 3547 369 3596 Feria
380 3564 404 3597 v.
418 3548 450 3598 de
462 3548 553 3598 sanctis
570 3548 733 3624 [Hippolyto,
752 3551 814 3610 ete]
832 3565 887 3598 cum
909 3549 1016 3624 propriis
1034 3547 1208 3613 Responsoriis
1226 3556 1252 3598 et
1268 3546 1390 3596 laudibus.
1427 3548 1472 3597 Ad

259 3627 317 3738 [epm
338 3611 451 3689 letorium
475 3614 501 3664 S.
528 3614 629 3664 Eusebir
651 3613 741 3663 dicitur
764 3625 850 3665 cantus
872 3614 1029 3664 dominicalis
1056 3630 1129 3678 super
1146 3615 1275 3677 hymnum,
1294 3621 1395 3677 propter
1417 3624 1470 3662 oct.

290 3714 296 3726 .
349 3688 458 3728 urentn.

294 3743 367 3793 Feria
379 3745 410 3809 vj.
425 3681 458 3794 d]e
469 3744 495 3794 S.
510 3744 630 3805 Eusebio,
642 3761 699 3793 cum
711 3754 843 3806 nocturno,
855 3762 910 3794 cum
924 3746 955 3794 R.
971 3746 1074 3793 Iuravit
1084 3745 1219 3793 Dominus.

294 3808 405 3859 Sabbato
416 3809 469 3859 dies
481 3813 571 3859 Assum
591 3810 665 3860 tionis
677 3811 749 3860 beate
762 3811 851 3870 llarie,
864 3812 954 3860 festum
966 3810 1112 3875 principale.
1159 3810 1235 3858 Nulla
1246 3809 1289 3858 fiat
1305 3808 1425 3857 memorio
1437 3809 1472 3858 de

260 3874 286 3925 S.
303 3875 446 3933 Laurentio,
459 3891 539 3940 neque
551 3827 718 3940 arivesperas,
740 3893 820 3940 neque
837 3876 870 3925 ad
889 3881 1030 3925 matutinas.
1066 3876 1108 3925 Ad
1119 3890 1235 3939 vesperas
1247 3875 1290 3923 liat
1306 3875 1351 3923 sub
1367 3873 1472 3924 silentio

261 3939 380 3989 memoria
391 3940 423 3989 de
434 3939 568 3999 dominica,
582 3950 607 3990 et
625 3942 657 3990 de
675 3941 806 4001 Trinitate‚
820 3941 867 3991 nisi
879 3942 942 3991 sorte
962 3941 1003 3990 hic
1020 3941 1103 4005 aliqua
1120 3939 1246 3989 dominica
1263 3939 1295 3989 sit
1311 3940 1469 3990 differenda:

257 4006 397 4119 ἓυηεὸῐὸιιιίἰα
409 4006 452 4055 fiat
463 4006 582 4056 memoria
593 4006 626 4056 ad
637 4023 752 4072 vesperas
763 4024 809 4057 uec
820 4008 851 4057 ad
865 4006 999 4057 matutinas
1015 4009 1046 4056 de
1066 4006 1200 4066 dominica,
1218 4007 1257 4055 vel
1275 4006 1307 4054 de
1326 4004 1468 4055 Trinitate:

275 4082 300 4165 ⁷¹
317 4135 434 4186 Nominis
446 4137 510 4185 Iesu.
838 4135 850 4167 ²
867 4140 885 4163 ‘⁸
894 4137 919 4186 in
932 4136 986 4187 .iiii.
998 4136 1086 4187 seria.”
1121 4138 1198 4186 Crede
1209 4137 1316 4195 orturis
1328 4146 1367 4199 57,
1381 4150 1407 4199 p.
1422 4152 1465 4197 44.

290 4200 301 4230 ³
319 4201 398 4251 Missa
409 4201 441 4251 de
452 4202 546 4251 octauis
558 4212 614 4267 post
626 4202 660 4252 iii.
674 4202 764 4252 dicitur
776 4210 800 4252 et
812 4203 880 4253 nulla
892 4203 1019 4252 memoria.
1035 4202 1113 4252 Missa
1125 4203 1157 4253 de
1168 4202 1253 4267 vigilia
1265 4212 1321 4267 post
1333 4201 1364 4250 vi.
1378 4212 1404 4250 et
1416 4201 1469 4252 due

257 4267 385 4326 memorie,
397 4276 499 4331 utraque
509 4269 541 4317 ad
554 4267 690 4333 principale
700 4268 796 4318 altore:
813 4270 869 4317 odd.
884 4280 926 4329 97,
937 4281 978 4318 01.

289 4330 299 4361 ⁴
316 4332 508 4396 Assumptionis.
836 4332 847 4362 ⁶
865 4335 1019 4383 “canticum
1030 4332 1205 4392 Benedictus,''
1217 4332 1307 4396 Portis.
1325 4343 1395 4396 1530.

288 4394 427 4447 ⁸dicutur:
446 4396 485 4447 88.
835 4397 846 4430 ⁷
863 4400 955 4448 Assum
975 4398 1057 4448 tionis.

288 4460 299 4492 ⁰
315 4462 341 4512 S.
355 4463 473 4539 Agapito.
835 4462 846 4494 ⁰
862 4464 909 4514 hec
919 4415 997 4529 bessre
1007 4466 1077 4513 sola:
1095 4463 1137 4525 87,
1150 4463 1189 4515 88.

288 4524 308 4557 ¹⁰
325 4528 371 4579 SS.
387 4529 520 4578 Timotheo
532 4538 557 4578 et
568 4528 680 4595 Apollin.
837 4527 856 4559 ¹¹
874 4538 899 4579 et
910 4530 987 4594 before
997 4530 1047 4579 de:
1065 4528 1105 4579 88.
