3372 5224
735 928 909 1022 {iritum
935 931 998 1003 B.¹

264 1129 397 1202 ruri]
441 1079 1472 1251 tlltilirt⁰llttlllrttlll?ellidttdltltl

265 1255 307 1317 de
323 1263 439 1317 sancto
455 1256 631 1320 Germano.
680 1256 718 1318 ln
736 1257 889 1318 laudibus
906 1277 1022 1319 omnes
1038 1258 1221 1339 antiphone
1237 1258 1398 1321 dicantur.

307 1373 341 1442 (Ι
365 1369 462 1431 Feria
477 1369 515 1430 .ii.
527 1368 569 1431 de
580 1377 697 1431 sancto
710 1369 817 1446 Petro,
833 1379 867 1430 et
884 1369 1043 1431 memoria
1059 1368 1102 1431 de
1113 1368 1336 1450 martyribus.‘³
1383 1370 1472 1432 Inui-

264 1456 421 1517 tatorium
449 1456 583 1537 triplex,
610 1456 654 1518 ix.
680 1456 846 1518 lectiones.
906 1455 963 1518 Ad
992 1456 1127 1517 missam
1155 1456 1285 1520 dicatur
1314 1456 1422 1535 Credo,
1438 1468 1472 1520 et

264 1541 408 1604 Presatio
424 1542 466 1605 de
481 1542 651 1625 apostolis.

306 1660 341 1729 (Ι
362 1654 474 1717 ³Feria
489 1655 541 1717 iii.
557 1656 600 1718 de
615 1654 701 1716 festo
717 1652 790 1731 loci,
805 1667 838 1716 et
855 1655 1015 1716 memoria
1031 1654 1073 1716 de
1088 1664 1206 1717 sancto
1223 1655 1418 1737 Stephan0.⁴

306 1772 340 1842 (Ι
364 1768 460 1830 Feria
475 1767 539 1829 iiii.
556 1767 599 1829 de
617 1767 815 1829 inuentione
832 1764 947 1829 Sancti
964 1764 1136 1849 Stephani,
1151 1767 1197 1829 ix.
1213 1768 1395 1830 lectiones·

306 1886 341 1955 (Ι
364 1880 460 1942 Feria
476 1902 514 1942 .v.
530 1881 573 1943 de
589 1879 737 1941 secunda
752 1879 1079 1941 commemoratione.

307 1998 341 2068 (Ι
365 1994 460 2055 Feria
475 1993 525 2055 .vi.
541 1994 584 2055 de
599 2000 715 2054 sancta
732 1991 848 2066 Maria,
865 1999 898 2052 et
914 1992 1075 2054 memoria
1090 1991 1132 2053 de
1148 2001 1264 2054 sancto
1280 1990 1448 2055 Osualdo

307 2112 341 2181 (Ι
365 2104 515 2169 Sabbato
530 2105 573 2166 de
590 2102 899 2185 Transfiguratione
916 2102 1062 2180 Domini,
1078 2104 1186 2165 minus
1202 2103 1340 2185 duplex.

440 2223 474 2293 (Ι
498 2216 677 2280 Dominica
693 2216 742 2293 .ii.,
757 2216 800 2278 de
822 2215 950 2278 solenni
971 2216 1056 2278 festo
1081 2214 1235 2278 Nominis
1262 2217 1346 2292 lesu,
1363 2218 1472 2281 maius

263 2268 336 2337 Aug.
352 2265 390 2338 7‘]
442 2304 588 2386 duplex:
634 2303 794 2365 memoria
831 2303 987 2383 priuatim
1020 2304 1062 2366 de
1096 2313 1213 2365 sancto
1245 2302 1390 2376 Donato,
1429 2304 1473 2367 de

260 2391 441 2542 pomtinica,
467 2391 567 2454 etde
594 2390 769 2453 Trinitate.
824 2389 870 2452 Et
907 2390 1009 2452 missa
1033 2389 1241 2452 dominicalis
1266 2391 1299 2452 in
1324 2392 1474 2473 capitulo

286 2499 336 2542 rca
352 2500 398 2541 ur.

305 2598 339 2668 (Ι
363 2592 460 2654 Feria
474 2590 515 2653 .ii.
530 2592 573 2653 de
589 2589 727 2652 seruicio
742 2598 946 2665 octauarum,
961 2598 1027 2650 tres
1042 2588 1201 2651 lectiones
1216 2609 1292 2650 cum
1309 2591 1472 2672 regimine

261 2679 361 2756 chori,
377 2689 411 2741 et
427 2677 587 2741 memoria
601 2677 644 2740 de
659 2685 775 2739 sancto
791 2675 899 2739 Cirico
914 2676 1158 2757 sociorumque⁶
1173 2676 1250 2738 eius.

305 2814 339 2883 (Ι
364 2807 525 2870 Feriaiii.
541 2807 584 2869 de
611 2805 749 2867 seruicio
775 2807 1002 2868 octauaruml:
1037 2812 1103 2867 tres
1130 2805 1320 2868 lectiones,
1344 2816 1377 2869 et
1402 2826 1473 2868 me-

264 2897 369 2958 moria
384 2896 427 2958 de
443 2906 559 2957 sancto
575 2892 752 2956 Romano!

306 3029 340 3098 (Ι
365 3022 462 3085 Feria
477 3022 538 3084 iiii.
555 3020 597 3082 de
612 3028 730 3083 sancto
754 3019 945 3097 Laurentio,
960 3020 1005 3081 ix.
1021 3019 1188 3082 lectiones.
1236 3019 1471 3084 Inuitatorium

263 3110 397 3193 triplex,
412 3118 446 3171 et
463 3109 623 3172 memoria
638 3109 680 3170 de
695 3106 862 3169 octauis.⁸b

297 3387 305 3420 ¹
324 3387 462 3452 Headings
478 3403 525 3435 om.
540 3384 581 3447 87,
594 3384 634 3435 88.
963 3380 974 3413 ²
991 3383 1145 3432 Machabeis.

297 3452 351 3490 ³-⁴
368 3453 441 3504 Feria
456 3452 491 3501 iii.
514 3453 547 3501 de
567 3461 654 3501 saneto
674 3450 813 3515 Stephano,
834 3465 909 3514 papa.
956 3448 1129 3498 Inuitatorium
1147 3448 1250 3513 duplex,
1271 3456 1321 3499 tres
1340 3448 1469 3500 lectiones.

266 3519 410 3585 Capitulum
425 3517 653 3581 Omnispontrscx:
669 3516 710 3577 87,
724 3515 763 3564 88.

298 3583 356 3621 ³-b
373 3583 517 3649 Capitulum
531 3584 659 3631 Iustorum
671 3583 763 3630 anim.

332 3651 405 3701 Feria
416 3667 439 3699 v.
454 3647 561 3697 detesto
573 3647 629 3697 loci.

333 3716 406 3767 Feria
422 3715 455 3765 vi.
475 3712 507 3762 de
525 3722 611 3762 sancto
631 3710 760 3763 Oswaldo.
797 3708 971 3759 inuitatorium
988 3708 1080 3773 duplex
1098 3708 1133 3758 iii.
1152 3708 1280 3758 lectiones.
1316 3709 1428 3759 Sabhato
1439 3709 1474 3759 de

397 3790 483 3831 sancta
501 3778 582 3827 Maria
599 3786 625 3827 et
641 3776 762 3826 memoria
772 3776 804 3825 de
816 3774 973 3838 martyribus.
1009 3774 1060 3823 Vbi
1078 3774 1141 3823 fiunt
1158 3784 1207 3824 tres
1223 3774 1476 3825 commemorationes

398 3847 423 3895 in
435 3845 467 3895 vi.
482 3843 542 3893 seria
554 3843 597 3892 fiat
609 3859 657 3891 vna
668 3840 881 3899 commemoratio,
894 3849 919 3888 et
930 3839 1050 3889 memoria
1062 3839 1093 3888 de
1105 3839 1175 3888 sesto.

333 3911 468 3963 Dominica
488 3910 513 3960 ii.
535 3909 567 3959 de
587 3907 692 3958 seruicio
711 3905 865 3965 dominicali,
887 3905 969 3954 medie
987 3905 1107 3954 lectiones
1126 3905 1158 3954 de
1175 3913 1263 3954 sancto
1282 3904 1393 3954 Donato.
1441 3905 1473 3955 In

397 3976 512 4027 laudibus
523 3990 572 4022 vna
583 3973 729 4038 antiphona.

333 4042 406 4094 Feria
418 4042 443 4091 ii.
458 4043 490 4093 de
501 4042 565 4090 sesto
577 4039 624 4088 loci
637 4048 662 4088 et
673 4036 792 4086 memoria
810 4036 841 4086 de
853 4034 1011 4101 martyribus.
1045 4034 1088 4084 Ad
1105 4049 1221 4100 vesperas
1237 4034 1376 4099 antiphona
1392 4036 1477 4084 Dixi!

399 4110 529 4158 Romanus
541 4105 655 4154 Psalmus
666 4102 823 4166 Magnificat.

333 4173 406 4224 Feria
423 4174 458 4223 iii.
472 4173 505 4223 de
516 4180 603 4222 sancto
616 4171 731 4218 Romano
742 4183 798 4217 cum
811 4175 940 4217 nocturno.
978 4164 1147 4229 Responsoria
1163 4164 1195 4214 de
1214 4165 1324 4215 secundo
1340 4175 1471 4216 nocturno.

398 4240 478 4290 Missa
490 4239 522 4288 de
533 4233 619 4300 vigilia
630 4250 686 4283 cum
698 4231 800 4298 propria
812 4231 925 4296 epistola.

333 4305 406 4355 Feria
417 4305 461 4354 iiii.
474 4304 507 4354 de
518 4310 605 4352 sancto
617 4298 761 4349 Laurentio.
798 4296 972 4346 Inuitatorium
991 4294 1088 4359 triplex.
1103 4293 1136 4344 ix.
1151 4294 1280 4355 lectiones,
1293 4295 1334 4357 87,
1347 4293 1388 4345 88.

297 4369 308 4401 ⁶
324 4370 463 4434 sociisque:
481 4379 522 4431 97,
534 4379 575 4416 01.
914 4358 925 4390 ⁶
941 4360 1057 4410 Nominis
1069 4361 1133 4409 lesu.

297 4436 309 4469 'l
326 4437 405 4486 Missa
415 4436 448 4485 de
459 4432 544 4499 vigilia
555 4430 646 4481 dicitur
657 4438 713 4496 post
724 4436 820 4478 sextam
831 4427 864 4477 ad
873 4425 1011 4492 principale
1022 4426 1099 4475 altare
1111 4443 1118 4476 r
1134 4426 1191 4475 add.
1204 4436 1246 4487 97,
1258 4438 1299 4476 01.

296 4500 440 4552 ⁸Nominis
452 4501 517 4550 lesu.
