3372 5224
276 450 322 513 156
581 450 859 503 DIRECTORIUM
875 451 1143 504 SACERDOTUM.

317 608 350 678 (Ι
375 603 470 667 Feria
486 626 523 667 .v.
539 605 582 668 de
597 603 686 668 seria
735 603 961 685 Responsoria
982 605 1026 668 de
1041 605 1149 687 primo
1166 614 1329 668 nocturno
1343 603 1480 667 historie

316 815 351 886 (Ι
375 811 471 874 Feria
486 810 535 875 .vi.
551 813 594 876 de
615 812 704 875 seria.
751 812 796 876 Et
818 811 941 876 dicitur
961 812 1024 875 ,iiii
1052 812 1313 896 Responsorium
1336 810 1481 889 historie,

274 916 350 959 cum
366 898 496 962 duobus
513 897 689 963 ferialibus.

316 1014 351 1085 (Ι
374 1008 533 1088 Sabbato‚
562 1011 605 1075 de
635 1020 753 1074 sancta
777 1010 892 1074 Maria
949 1010 1018 1074 Vbi
1043 1010 1127 1075 fiunt
1153 1023 1220 1076 tres
1240 1029 1479 1075 commemora·

273 1096 390 1171 tiones,
408 1097 441 1158 in
457 1118 494 1160 .v.
512 1097 592 1160 seria
608 1094 666 1162 fiat
682 1118 748 1161 vna
762 1099 1047 1162 commemoratio

274 1226 343 1281 Feb.
357 1224 412 1298 zo]
447 1223 482 1294 (Ι
504 1218 683 1281 Dominica
694 1217 727 1280 in
744 1217 808 1294 .lx.‚
825 1227 896 1282 tota
911 1218 1032 1282 dicitur
1046 1219 1191 1283 historia.
1292 1296 1295 1301 1

308 1340 350 1411 Ι(Ι
375 1335 471 1399 Feria
486 1337 526 1399 ii.
541 1337 584 1401 de
600 1336 686 1401 sesto
702 1338 773 1401 loci.

317 1461 352 1532 (Ι
376 1456 473 1520 Feria
493 1457 543 1519 iii.
566 1457 609 1520 de
632 1467 748 1521 sancto
773 1458 879 1521 Petro,
926 1456 1316 1538 Inuitatorium'triplex,
1344 1458 1389 1520 ix.
1414 1456 1478 1519 lec·

275 1542 391 1606 tiones.
438 1543 494 1607 Ad
511 1545 647 1608 missam
663 1545 786 1608 dicitur
803 1543 903 1609 Credo
918 1555 953 1608 et
970 1543 1115 1608 Presatio
1129 1544 1171 1608 de
1187 1544 1356 1626 apostolis.

275 1748 412 1814 historie
427 1751 646 1816 dominicalis.
693 1752 846 1835 Epistola
861 1762 895 1815 et
911 1751 1123 1835 euangelium
1139 1752 1288 1815 eiusdem
1305 1750 1392 1814 ferie.

317 1875 352 1946 (Ι
375 1870 472 1933 Feria
487 1891 524 1933 .v.
542 1871 584 1933 de
598 1880 716 1935 sancto
733 1871 871 1935 Mathia.
920 1871 1060 1935 Inferius
1074 1870 1212 1954 duplex.

318 1996 351 2066 (Ι
377 1990 415 2053 In
441 2010 530 2053 anno
554 1991 711 2068 bisextili,
729 1990 787 2055 fiat
814 1992 991 2055 seruicium
1011 1993 1053 2055 de
1078 1999 1195 2055 sancto
1220 1989 1352 2054 Mathia
1375 1990 1409 2052 in
1433 1988 1481 2052 .vi.

276 2076 366 2140 seria
413 2077 459 2140 Et
481 2087 569 2153 tunc,
592 2078 635 2141 ab
658 2078 722 2141 hoc
745 2077 887 2142 sabbato
910 2100 1016 2161 vsque
1032 2078 1074 2141 ad
1103 2079 1328 2162 inceptionem
1345 2076 1481 2140 historie

275 2164 319 2227 ln
342 2164 514 2246 princrpio,
539 2165 722 2247 accipiatur
751 2176 906 2248 quartum
937 2167 969 2229 Α
995 2186 1056 2247 pro
1075 2165 1185 2229 littera
1214 2163 1417 2241 dominicali,
1446 2173 1481 2226 et

277 2250 451 2315 inchoetur
465 2252 508 2314 ad
525 2253 727 2315 dominicam
745 2254 778 2316 in
791 2253 1077 2335 quinquagesima.

312 2376 352 2521 ἒΙ
375 2371 471 2435 Feria
486 2372 535 2436 .vi.
558 2374 602 2436 de
617 2372 706 2449 ieria,
731 2373 957 2455 Responsoria
978 2373 1020 2435 de
1042 2372 1179 2436 historia
1194 2371 1398 2436 dominicali¹
1422 2390 1482 2453 per

274 2478 312 2521 or
336 2477 434 2521 inem.

318 2576 353 2647 (Ι
377 2568 537 2649 Sabbat0‚
552 2572 594 2635 de
610 2581 728 2651 sancta
745 2571 861 2635 Maria.

318 2695 353 2766 (Ι
376 2690 479 2754 Nota¹
494 2693 585 2773 quod
601 2703 736 2756 sanctus
761 2692 908 2755 Mathias
935 2692 1108 2776 apostolus
1124 2712 1191 2756 non
1208 2690 1309 2755 habet
1334 2689 1481 2774 vigiliam

277 2777 309 2840 in
332 2777 471 2842 ecclena
494 2779 625 2857 Sarum,
641 2781 703 2842 nisi
727 2780 909 2843 ieiunium.⁸
953 2778 1021 2843 Vbi
1046 2778 1130 2842 fiunt
1152 2789 1220 2843 tres
1242 2797 1482 2843 commemora·

276 2864 393 2941 tiones,
409 2865 442 2927 in
458 2866 521 2929 iiii.
538 2866 619 2930 seria
636 2865 695 2930 fiat
710 2888 779 2930 vna
794 2866 1091 2930 commemoratio⁴

278 2988 346 3044 Feb.
359 2984 415 3058 27·]
450 2984 484 3054 (Ι
507 2978 688 3042 Dominica
703 2980 736 3041 in
753 2978 783 3057 l.,
799 2988 871 3042 tota
886 2978 1008 3042 dicitur
1021 2977 1167 3042 historia.

319 3105 352 3175 (Ι
376 3099 473 3162 Feria
488 3099 528 3162 ii.
545 3099 587 3162 de
602 3110 720 3163 sancta
737 3099 854 3162 Maria.

320 3218 353 3288 (Ι
377 3212 474 3275 Feria
490 3211 540 3274 .iii.
557 3210 600 3275 de
616 3221 734 3276 sancto
750 3211 887 3275 Dauid.⁵

319 3329 354 3400 (Ι
377 3324 474 3387 Feria
489 3322 551 3386 iiii.
569 3324 601 3386 in
618 3324 727 3407 capite
743 3323 863 3387 ieiunii.
911 3324 1047 3386 Festum
1059 3322 1165 3386 sancti
1182 3321 1298 3386 Cedde
1313 3319 1485 3386 differatur

279 3412 312 3474 in
328 3411 520 3475 crastinum.
927 3418 930 3425 '

320 3529 355 3600 (Ι
378 3523 475 3586 Feria
492 3545 529 3586 .v.
545 3523 588 3587 de
603 3531 721 3587 sancto
737 3522 856 3587 Cedda
870 3522 924 3585 ‚irc
941 3521 1123 3585 ἰεεϊίοιπτε.ὕ

320 3649 355 3720 (Ι
379 3644 475 3706 Feria
490 3643 539 3706 .vi.
552 3644 595 3706 de
611 3642 699 3707 seria.
745 3642 970 3725 Responsoria
986 3643 1028 3705 de
1044 3642 1152 3725 primo
1168 3650 1339 3705 nocturne.

320 3769 354 3839 (Ι
378 3762 527 3828 Sabbato
543 3763 710 3827 dicuntur⁶
726 3762 953 3845 Responsoria
968 3760 1095 3826 ferialia
1109 3761 1239 3844 pariter.

279 3895 382 3951 March
394 3891 433 3964 6.]
453 3889 488 3960 (Ι
510 3883 690 3947 Dominica
706 3883 733 3947 .i.
750 3883 1015 3966 quadragesime,
1031 3892 1103 3946 tota
1118 3889 1272 3945 cantetur
1286 3879 1430 3945 historia

322 4011 357 4082 (Ι
380 4004 476 4069 Ferie
502 4003 542 4067 .ii.
566 4002 617 4067 ‚iit
644 4003 707 4067 iiii.
737 4025 766 4066 v.
789 4012 824 4066 et
848 4003 898 4066 .vi.
926 4003 968 4065 de
993 4001 1124 4065 ieiunio,
1171 4001 1215 4065 Et
1246 4002 1278 4063 in
1310 4000 1375 4064 titi.
1406 3999 1486 4064 feria

280 4095 402 4158 dicitur
418 4091 681 4174 Responsorium
699 4090 819 4154 feriale.

313 4304 321 4335 ¹
339 4302 512 4355 dominicalis:
530 4314 570 4363 97.
719 4300 731 4332 ²
747 4303 831 4354 bene:
848 4303 904 4351 add.
919 4301 960 4363 87,
973 4300 1013 4351 88.
1162 4297 1173 4331 ³
1188 4306 1304 4349 tantum:
1320 4298 1377 4347 adu
1391 4295 1432 4359 87,
1445 4295 1485 4347 88.

312 4371 372 4420 ⁴In
382 4385 450 4419 anno
460 4367 581 4419 bissextili
614 4404 620 4417 .
657 4404 664 4417 .
701 4405 708 4418 .
745 4368 770 4418 in
782 4386 805 4418 v.
821 4367 882 4417 feria
893 4368 935 4416 hat
947 4383 997 4416 una
1008 4365 1221 4424 commemoratio,
1234 4373 1258 4414 et
1275 4362 1301 4413 in
1315 4362 1358 4413 iiii.
1372 4361 1442 4423 seria,
1455 4362 1487 4413 de

279 4436 350 4495 seria,
363 4451 419 4484 cum
431 4433 537 4498 epistola
549 4441 573 4482 et
585 4433 715 4498 evangelio
727 4434 758 4484 de
770 4434 859 4484 eadem
871 4432 939 4482 seria.
976 4433 1053 4482 Brev.
1068 4432 1163 4481 Sarum
1185 4429 1237 4479 diii.

310 4500 321 4533 ³
338 4499 427 4552 Oratio
439 4508 464 4549 et
475 4508 558 4549 cetera
569 4498 601 4548 de
612 4499 739 4549 communi
750 4518 757 4551 ε
774 4501 831 4549 odd.
845 4510 887 4561 97,
899 4510 939 4547 οι.
1160 4466 1173 4526 3
1187 4495 1319 4546 dicantur:
1336 4492 1377 4544 88.
