3326 5208
260 453 309 502 226
579 452 852 503 DJRECJORJUM
883 453 926 500 SA
932 452 1058 501 CElt'DO
1064 453 1150 502 TUM.

306 613 340 683 11
364 606 461 669 Feria
476 606 526 669 iii.
543 606 586 668 de
601 604 687 667 sesto
703 605 774 669 loci.

306 724 340 795 11
365 718 462 782 Feria
487 719 550 781 iiii.
576 717 618 781 de
650 717 749 781 seria.¹
811 719 1036 800 Respoosoria
1063 719 1105 780 de
1132 720 1279 782 secundo
1311 729 1476 782 nocturno

263 806 418 869 dicuntur
433 806 494 868 hic.

306 911 340 981 11
365 906 461 967 Feria
476 926 513 968 .v.
530 904 572 966 de
588 913 704 967 sancto
721 902 904 979 Swithun0,
921 904 965 967 ix.
981 904 1140 967 lectiones
1156 905 1198 967 de
1214 903 1391 967 communi.

307 1024 340 1094 11
365 1018 462 1081 Feria
484 1017 533 1080 .vi.
558 1016 600 1078 de
627 1027 744 1079 sancto
769 1015 956 1093 Osmund0,
979 1026 1088 1079 totum
1114 1016 1157 1079 de
1184 1017 1352 1080 communi
1377 1017 1477 1079 vnius

308 1223 342 1293 11
366 1216 525 1293 Sabbato,
540 1216 583 1279 de
598 1225 713 1278 sancta
732 1216 848 1292 Maria,
864 1226 897 1278 et
921 1216 1080 1278 memoria
1096 1217 1139 1280 de
1154 1226 1272 1278 sancto
1297 1215 1475 1279 Kenelmo

309 1337 343 1407 11
365 1329 433 1392 Vbi
468 1328 552 1392 fiunt
585 1339 651 1391 tres
685 1328 1030 1403 commemorationes,
1057 1329 1089 1390 in
1121 1329 1184 1392 iiii.
1219 1327 1299 1390 seria
1325 1328 1383 1390 fiat
1410 1348 1478 1390 vna

265 1417 547 1481 commemoratio
594 1416 731 1481 Omnia²
765 1415 990 1498 Responsoria
1022 1415 1146 1478 ferialia
1180 1416 1476 1497 pretermittantur.

267 1504 323 1567 Ad
350 1525 515 1586 vesperaS,
541 1503 726 1585 antiphona
749 1503 879 1565 Montes
904 1501 1039 1565 Gelboe:
1077 1502 1227 1586 psalmus
1253 1501 1476 1584 Mngm'ficat:

268 1592 429 1655 memoria
451 1590 493 1654 de
516 1599 633 1653 sancto
649 1589 837 1670 Arnulpho,
854 1590 896 1652 de
919 1588 1073 1672 reliquiis,
1089 1591 1132 1653 de
1147 1589 1321 1666 Trinitate‚
1344 1602 1377 1651 et
1401 1609 1479 1672 pro·

266 1680 372 1743 cessio
389 1677 454 1742 liat.

443 1777 679 1853 (IDominica
720 1776 778 1849 .vi.,
828 1775 870 1838 de
908 1776 1048 1838 seruicio
1093 1775 1294 1839 dominicali.
1363 1777 1480 1839 Medic

265 1831 280 1898 J
285 1831 331 1898 uty
347 1826 399 1899 ¹⁸¹]
445 1865 605 1928 lectiones
621 1865 662 1925 de
678 1874 794 1925 sancto
811 1863 990 1945 Arnulpho
1005 1864 1166 1946 episcopo
1182 1873 1215 1926 et
1232 1874 1387 1944 martyre.
1437 1866 1479 1928 ln

267 1951 421 2014 laudibus
437 1972 503 2014 vna
519 1950 711 2032 antiphona.

310 2069 344 2140 11
368 2065 395 2127 F
397 2065 463 2126 cria
479 2064 517 2127 .ii.
534 2065 575 2125 de
593 2062 678 2125 sesto
694 2062 766 2126 loci.

309 2182 343 2253 11
368 2175 465 2238 Feria
480 2176 530 2239 iii.
547 2175 589 2237 de
605 2184 720 2237 sancta
738 2175 939 2257 Margareta,
955 2176 999 2237 ix.
1017 2174 1183 2238 lectiones.

310 2295 343 2365 11
369 2288 542 2351 Feriaiiii.
566 2289 609 2350 de
632 2298 748 2349 sancta
777 2286 939 2363 Praxede,
970 2287 1201 2350 lnuitatorium
1228 2287 1384 2370 simplex,
1412 2299 1485 2352 tres

268 2377 437 2439 lectiones.

313 2486 346 2556 11
371 2479 468 2543 Feria
483 2499 520 2540 .v.
536 2478 579 2541 dc
594 2487 709 2540 sancta
728 2477 835 2539 Maria
856 2477 1068 2559 Magdalena,
1088 2478 1319 2542 lnuitatorium
1345 2479 1484 2562 triplex,

271 2569 316 2631 ix.
333 2568 510 2630 lectiones:
534 2564 744 2647 etmemoria
758 2564 801 2627 de
817 2564 962 2628 abbate.3

313 2686 348 2756 11
372 2679 469 2742 Feria
484 2678 533 2742 .vi.
549 2677 592 2740 de
607 2687 725 2740 sancta
742 2677 860 2752 Maria,
874 2687 909 2740 et
926 2677 1087 2740 memoria
1103 2677 1145 2740 de
1162 2682 1329 2760 martyre.⁴

311 2797 345 2868 11
369 2790 529 2865 Sabbato,
558 2790 600 2852 de
627 2798 742 2852 sancta
766 2789 919 2864 Cristina,
945 2810 1020 2853 cum
1049 2801 1219 2854 nocturno.
1280 2790 1486 2873 Capitulum,

275 2877 459 2961 Confitebor.
506 2877 610 2939 Missa
626 2878 668 2939 de
683 2877 801 2958 vigilia.
847 2876 914 2939 Vbi
931 2873 1044 2962 [liunt]
1066 2887 1132 2941 tres
1147 2878 1483 2941 commemorationes

272 2968 303 3030 in
322 2967 381 3031 iiii.
398 2965 478 3028 seria
495 2963 552 3027 hat
568 2984 633 3025 vna
653 2965 934 3028 commemoratio
981 2963 1037 3027 Ad
1061 2985 1216 3047 vesperas
1241 2968 1283 3029 de
1305 2966 1486 3048 apostolo,⁵

274 3054 433 3117 memoria
456 3052 499 3115 de
524 3051 745 3131 martyribus,⁰
778 3053 820 3113 de
853 3051 1026 3125 dominica
1054 3052 1254 3134 (antiphona
1280 3053 1355 3115 Rex
1374 3064 1483 3115 aulem

273 3141 423 3222 Dauid),
439 3139 481 3202 de
497 3139 660 3201 Trinitate
674 3161 680 3199 ε
696 3138 826 3201 omnes⁷
842 3137 923 3200 fiant
944 3138 1007 3200 sub
1023 3139 1163 3217 silentio,
1178 3140 1248 3202 sine
1265 3142 1483 3223 processione.

451 3244 485 3314 11
509 3238 687 3302 Dominica
712 3238 780 3313 .vii.,
807 3239 850 3299 de
873 3248 990 3301 sancto
1023 3238 1154 3315 Iacobo,
1180 3239 1320 3303 Inferius
1347 3241 1488 3322 duplex.

273 3291 339 3360 Jffly
352 3286 408 3359 25']
453 3326 602 3407 Vespere
617 3335 714 3387 erunt
731 3326 772 3387 de
788 3325 952 3406 apostolo
962 3336 995 3387 et
1008 3328 1168 3388 memoria
1184 3328 1227 3389 de
1239 3328 1406 3390 dominica
1422 3331 1486 3390 sub

275 3413 413 3477 silentio.
461 3413 592 3475 Deinde
609 3411 753 3473 solennis
771 3413 929 3474 memoria
944 3412 987 3475 de
1003 3424 1118 3475 sancta
1135 3414 1244 3477 Anna.

318 3518 352 3588 11
377 3512 473 3575 Feria
488 3512 526 3575 .ii.
542 3513 585 3575 de
600 3522 716 3575 sancta
734 3511 843 3587 Anna,
863 3513 1095 3576 lnuitatorium
1113 3515 1246 3596 triplex,
1258 3516 1302 3579 ix.
1319 3514 1491 3583 lectiones

318 3630 353 3700 11
377 3625 473 3687 Feria
509 3625 557 3688 iii.
588 3626 630 3687 de
663 3624 922 3701 Dormientibus,
968 3626 1200 3689 lnuitatorium
1247 3628 1382 3711 duplex,
1421 3640 1488 3693 tres

278 3712 444 3775 lectiones.
491 3712 595 3773 Missa
611 3711 817 3773 dominicalis
833 3763 840 3776 .
857 3733 917 3794 pro
933 3733 1065 3775 summa
1080 3714 1189 3778 missa.

320 3829 354 3900 11
379 3824 475 3886 Feria
490 3824 549 3886 iiii.
566 3823 608 3886 de
625 3822 710 3885 sesto
727 3823 796 3887 loci.

279 4024 289 4087 l
322 3936 477 4036 (lFeria
514 3958 559 4009 .v.,
597 3935 640 3999 de
679 3936 901 4018 martyribus⁸
969 3938 1201 4003 lnuitatorium
1248 3941 1384 4023 duplex,
1423 3952 1492 4005 tres

291 4036 445 4087 ectrones.

292 4226 298 4237 .
314 4159 322 4191 ¹
341 4160 425 4210 seriis:
443 4172 485 4222 97,
503 4173 544 4209 or.
583 4163 600 4185 “
611 4161 642 4209 R.
662 4159 694 4209 de
711 4159 737 4208 ii.
755 4170 877 4210 nocturno
895 4160 920 4209 in
938 4159 991 4213 vi.†
1008 4161 1110 4210 seria'’:
1129 4162 1204 4212 Brea.
1240 4163 1305 4214 Vide
1317 4164 1379 4215 inira
1392 4183 1416 4231 p.
1431 4165 1493 4228 248,

291 4243 326 4321 ml
342 4226 456 4354 il'defhre
466 4291 569 4340 omniar
587 4290 628 4353 87,
642 4289 681 4339 88.
923 4289 934 4320 ³
951 4292 977 4341 S.
992 4292 1193 4357 Wandragesilo.

315 4356 368 4405 ⁴8.
383 4358 406 4405 A
443 4357 539 4406 llinare.
953 4358 979 4406 S.
996 4358 1096 4406 Iacobo

315 4418 326 4451 ⁰
343 4421 389 4472 SS.
427 4422 586 4485 hristophoro
598 4431 622 4470 et
634 4419 767 4471 Cucufato.
926 4421 936 4453 ⁷
952 4439 1057 4473 omnes:
1074 4440 1121 4473 om.
1136 4423 1177 4486 87,
1190 4424 1230 4475 88.

316 4485 327 4517 ⁸
343 4487 389 4537 SS.
405 4488 498 4548 Felice,
511 4486 654 4551 Simplicio,
672 4487 792 4536 Faustino
803 4495 828 4535 et
845 4487 966 4539 Beatrice.
