3310 5206
227 482 439 543 [ORDINALE
460 485 594 534 SARVM
611 485 699 534 SIVE
722 485 994 536 DIRECTORIVM
1010 487 1289 550 SACERDOTVM.]
1346 501 1361 551 3

500 1223 548 1306 [π
565 1223 996 1289 Arninnouenmzuuuin.a

156 1388 294 1517 Liber
308 1407 444 1470 presens
460 1382 649 1454 ttnttnttun
672 1388 868 1464 summotum,
884 1409 984 1471 quem
1008 1390 1074 1474 prta
1098 1387 1227 1466 §utun
1250 1391 1353 1475 vulgo

231 1476 355 1538 vocitat
378 1474 492 1537 clerus
515 1495 718 1557 quamquam
736 1478 797 1538 iste
814 1477 961 1557 pluribus
977 1478 1104 1539 vicibus
1120 1480 1206 1541 intra
1222 1489 1351 1541 nostras

150 1573 254 1644 atque
284 1564 521 1624 transmarinas
551 1572 654 1625 terras
692 1564 872 1644 impressus
902 1584 940 1625 ac
978 1567 1183 1646 compositus
1218 1566 1351 1642 existat,

150 1669 316 1732 nusquam
348 1660 460 1712 tamen
483 1650 665 1712 secundum
689 1670 802 1712 verum
835 1649 954 1713 Sarum
978 1652 1127 1714 ordinale
1149 1653 1351 1716 cancellatus

149 1757 208 1798 seu
239 1748 405 1799 correctus
436 1735 532 1800 luerit
566 1758 626 1798 nec
660 1736 859 1800 enucleatus
921 1738 988 1803 Sed
1021 1742 1099 1821 quia
1128 1761 1213 1802 unus
1236 1750 1354 1820 pastor

149 1823 288 1886 ecclesie
314 1833 348 1886 et
374 1844 475 1885 vnum
505 1825 589 1886 uuile
613 1827 683 1901 cst‚¹
715 1826 776 1887 erit
808 1826 920 1907 itaque
947 1826 1070 1902 ouium,
1093 1826 1170 1888 cleri
1196 1827 1351 1889 videlicet

151 1910 282 1987 Sarum,
298 1932 381 1974 vnus
396 1912 555 1973 canonice
573 1912 732 1973 orationis
751 1914 842 1974 ordo
860 1933 902 1975 ne
921 1914 1098 1995 quisquam
1120 1914 1225 1995 (quod
1248 1915 1350 1995 absit)

149 2000 248 2069 dicat
264 1998 396 2061 Erraui
407 1998 490 2059 sicut
504 2000 575 2062 orer's
589 2020 649 2079 que
656 2000 765 2080 periit.
784 2000 841 2062 &c
853 2002 874 2062 :²

195 2087 285 2148 Hinc
323 2095 381 2162 est,
419 2086 623 2149 venerabiles
659 2097 761 2168 atque
799 2086 1008 2150 honorabiles
1046 2089 1172 2150 domini
1211 2088 1350 2151 lectores

150 2173 365 2255 presentium,
387 2173 477 2254 quod
500 2194 558 2235 vos
584 2193 650 2234 non
676 2174 825 2257 ignorare
845 2176 945 2256 cupio
966 2178 1080 2257 quamS
1101 2187 1237 2258 propter
1252 2177 1294 2250 id,
1316 2186 1350 2239 et

150 2262 277 2323 bonum
298 2261 517 2322 necessitatis⁴
539 2280 726 2337 commune,
746 2273 779 2323 et
802 2271 838 2324 vt
858 2265 1037 2325 concordet
1058 2261 1251 2345 psalterium
1275 2283 1349 2325 cum

149 2349 290 2427 cythara
320 2349 353 2410 in
383 2358 500 2409 sancta
538 2356 651 2409 nostra
688 2349 827 2410 ecclesia
864 2349 940 2411 cleri
980 2349 1109 2425 Sarum,
1149 2350 1351 2413 Ueneranda

148 2456 347 2517 semperque
387 2434 556 2497 laudanda
586 2434 685 2496 studii
719 2435 968 2516 disciplinarum
1000 2437 1194 2499 vniversitas
1228 2438 1350 2501 Canta-

148 2523 323 2605 brigiensis
366 2522 429 2585 hoc
474 2543 558 2583 onus
605 2522 726 2584 laboris
764 2523 952 2586 huiusmodi
999 2525 1209 2586 correctionis
1251 2533 1351 2606 atque

147 2609 396 2672 cancellationis
424 2630 482 2671 seu
512 2608 792 2673 collationationis
823 2609 981 2672 ordinalis
1014 2613 1132 2675 Sarum
1166 2614 1352 2674 necessario

149 2697 333 2759 fiendarum
373 2697 566 2777 Uenerabili
604 2697 674 2758 viro
709 2699 868 2779 magistro
907 2697 1034 2775 Clerke,
1065 2699 1194 2783 collegii
1233 2698 1351 2782 regalis

149 2785 288 2862 cantori,
302 2784 443 2847 credidit
460 2795 560 2865 atque
576 2785 751 2846 commisit.

193 2871 262 2953 Qui
278 2873 413 2954 quidem
432 2873 589 2952 magister
606 2871 725 2935 Clerke
741 2872 930 2934 huiusmodi
955 2893 1040 2935 onus
1065 2874 1274 2935 correctionis
1290 2894 1350 2936 sua

146 2972 270 3042 sponte
300 2971 434 3042 propter
457 2979 592 3021 causam
617 2959 799 3040 predictam
823 2960 968 3041 suscepit
992 2961 1184 3022 emendauit
1206 2963 1351 3023 correxit

148 3059 253 3129 atque
268 3047 451 3109 secundum
469 3067 582 3108 verum
599 3046 748 3110 ordinale
765 3046 884 3110 Sarum
902 3047 1138 3109 collationauit.

195 3135 336 3215 lnsuper
355 3134 496 3196 honesto
516 3133 660 3196 Ricardo
687 3134 820 3217 Pynson
845 3134 954 3196 extra⁶
974 3134 1104 3197 barram
1130 3134 1208 3197 noui
1233 3134 1349 3215 templi

151 3220 401 3284 Londoniamm
420 3222 561 3283 moranti
583 3221 625 3283 ad
647 3217 1015 3303 imprimendum'dedit
1030 3231 1131 3303 atque
1147 3220 1231 3283 finiri
1247 3222 1349 3284 iussit

151 3308 256 3370 Anno
283 3307 399 3371 salutis
425 3318 536 3370 nostre
562 3307 750 3371 Millesimo
767 3329 850 3370 cccc,
870 3308 993 3390 xcvii⁰.]

212 3852 223 3875 ³
243 3843 299 3892 The
311 3851 427 3892 contents
439 3841 468 3891 os
481 3841 531 3891 this
543 3856 606 3905 page
617 3857 659 3889 are
672 3841 746 3889 taken
759 3840 821 3889 from
833 3849 873 3901 97.
910 3840 981 3903 They
992 3855 1033 3888 are
1044 3846 1089 3889 not
1100 3839 1126 3889 in
1137 3839 1178 3902 87,
1192 3840 1232 3900 88,
1245 3854 1285 3907 95.

211 3932 221 3964 ¹
238 3933 277 3983 Cf.
288 3934 347 3998 Joh.
361 3950 386 3982 x.
403 3932 440 3982 16.
846 3928 857 3959 ⁶
873 3929 938 3979 intra
954 3930 1068 3978 barram:
1086 3943 1126 3979 ot.
1146 3931 1211 3980 circa
1226 3933 1280 3982 bar·

210 4000 223 4031 s
238 3999 278 4049 Cf,
293 4000 332 4048 ps,
347 3998 422 4048 cxviij
434 3997 512 4058 (cxix)
526 3996 580 4058 176,
903 4012 956 4044 ram
968 4014 975 4045 ι
988 4008 1029 4057 03.
1046 3996 1122 4060 Apud
1134 3997 1155 4045 F
1157 3997 1282 4048 letestrete

209 4065 221 4096 s
236 4063 322 4129 quod²
339 4077 379 4126 03.
394 4063 436 4114 08,
901 4060 1024 4109 Londofi:
1041 4060 1083 4110 08.

210 4129 372 4179 *necessitas
382 4127 422 4190 9⁸.
438 4127 592 4179 necessaria:
610 4125 650 4177 08.
845 4122 967 4176 ⁶ccccci:
985 4139 1026 4175 01.
