3330 5218
282 440 315 503 84
620 439 719 490 DIRE
721 440 742 490 C
746 441 771 489 Τ
770 440 836 490 ORI
835 439 895 490 UM
912 440 956 490 SA
961 438 1181 492 CERDOTUM.

283 680 450 745 lectiones.
496 679 688 764 Capitulum
704 679 832 743 Reddet
844 680 942 743 Deus.

325 806 360 877 (ἶ
382 800 479 865 Feria
508 824 545 865 .v.
575 801 618 865 de
648 800 744 864 feriis.
813 800 1038 884 Responsoria
1074 802 1117 864 de
1146 800 1211 865 iiii.
1242 800 1330 877 feria,
1359 800 1486 866 scilicet

292 888 373 953 Vidi
380 897 517 970 portam.
563 888 667 952 Missa
682 887 745 950 iiii.
761 887 848 951 ferie.
1342 909 1344 912 ’

326 1014 361 1085 {1
383 1008 480 1073 Feria
495 1009 543 1072 ,vi
566 1007 609 1072 de
632 1007 831 1090 martyribus
856 1009 966 1072 Nereo
988 1015 1023 1072 et
1045 1007 1207 1072 Achilleo.
1254 1008 1485 1072 Inuitatorium

283 1096 420 1180 duplex
465 1095 657 1179 Capitulum
675 1094 977 1176 Sanctiperfidem.

283 1255 291 1273 ·
325 1222 360 1293 (ἶ
383 1215 541 1292 Sabbato,
572 1216 615 1278 de
644 1223 761 1279 sancta
786 1214 902 1292 Maria,
918 1224 952 1279 et
976 1216 1143 1298 processio
1170 1215 1228 1280 fiat
1254 1216 1297 1280 ad
1321 1235 1486 1298 vesperas

282 1304 349 1367 Vbi
372 1302 455 1368 fiunt
477 1311 544 1367 tres
566 1302 907 1379 commemorationes,
923 1303 956 1365 in
972 1305 1021 1366 .v.¹
1038 1302 1117 1365 seria
1132 1301 1190 1366 liat
1204 1322 1270 1365 vna
1285 1322 1486 1367 commemo·

284 1392 391 1468 rati03
414 1401 449 1455 et
464 1393 557 1454 tunc⁹
573 1390 606 1452 in
623 1389 662 1452 .ii.
679 1390 759 1453 leria
775 1390 965 1471 precedenti
988 1399 1165 1454 cantentur
1188 1391 1414 1474 Responsoria
1430 1391 1485 1454 ³de

284 1477 345 1541 iiii.
363 1477 451 1554 feria,
474 1476 554 1540 Vidi
558 1479 712 1558 portam.⁴

371 1644 424 1718 ..1
460 1596 703 1766 trulla
722 1595 1039 1768 lessethe
1052 1595 1486 1749 nnattauhun

284 1770 437 1834 laudibus
453 1791 518 1834 vna
533 1771 726 1853 antiphona.

326 1889 482 1966 ([Feria
508 1891 546 1954 ‚ii
575 1891 617 1953 de
646 1889 734 1954 leria.
781 1891 1043 1973 Responsorium
1070 1891 1226 1955 Narrabo
1254 1911 1330 1955 cum
1357 1890 1488 1955 duobus

283 1977 509 2059 sequentibus,
525 1978 625 2040 missa
641 1977 857 2041 dominicalis.

326 2103 360 2174 (I
383 2098 480 2161 Feria
490 2097 540 2161 iii.
551 2097 594 2161 de
606 2097 694 2162 seria
740 2097 966 2181 Responsoria
981 2099 1024 2163 de
1033 2097 1152 2162 eadem
1167 2098 1255 2174 seria,
1269 2099 1370 2162 missa
1387 2099 1489 2164 Salus

275 2184 395 2268 populi.

282 2392 396 2456 Deduc
409 2413 466 2469 me,
484 2392 584 2456 missa
600 2393 642 2455 de
657 2391 774 2455 eadem
791 2391 880 2456 feria.

325 2518 360 2589 (ἶ
383 2512 480 2576 Feria
495 2534 532 2576 .v.
549 2512 592 2576 de
607 2511 693 2576 sesto
709 2511 782 2576 loci.

304 2638 359 2736 ’ἦ
384 2632 480 2696 Feria
493 2632 543 2696 .vi.
559 2632 601 2696 de
617 2640 735 2696 sancto
752 2632 938 2711 Dunstano,
950 2643 985 2697 et
1001 2633 1161 2698 memoria
1176 2634 1219 2697 de
1234 2641 1351 2698 sancta
1368 2633 1487 2698 Potenss

282 2741 385 2784 crana.

325 2838 541 2916 [Sabbata
558 2838 601 2903 de
625 2848 742 2903 sancta
768 2839 884 2917 Maria,
911 2847 945 2903 et
972 2840 1139 2922 processio
1162 2841 1205 2904 ad
1230 2860 1392 2922 vesperas.
1419 2839 1487 2903 Vbi

283 2925 367 2991 liunt
382 2936 449 2991 tres
465 2926 808 3002 commemorationes,
825 2927 858 2989 in
875 2926 925 2989 iii.
942 2925 1022 2989 feria
1039 2927 1098 2991 fiat
1112 2947 1178 2990 vna
1193 2927 1487 3006 commemoratio,

282 3025 316 3078 et
338 3023 418 3077 tunc
442 3014 476 3078 in
499 3012 561 3076 iiii.
589 3012 669 3076 feria
693 3013 847 3077 dicuntur
874 3014 1101 3096 Responsoria
1125 3014 1169 3078 de
1184 3015 1234 3078 iii.
1259 3014 1346 3089 teria,
1362 3013 1487 3077 scilicet

281 3100 463 3182 Hymnum,
479 3120 555 3164 curn
573 3100 704 3164 duobus
719 3100 943 3183 sequentibus.

457 3226 492 3297 (ἶ
515 3220 693 3285 Dominica
716 3243 753 3284 .v.
775 3230 885 3285 toturn
909 3219 953 3284 de
975 3221 1116 3284 seruicio
1131 3220 1330 3295 dominicali,
1347 3221 1484 3284 tercium

459 3307 720 3390 Responsorium
736 3328 757 3371 a
771 3308 903 3371 duobus
924 3316 1084 3371 cantetur.
1132 3309 1169 3372 ln
1194 3307 1346 3371 laudibus
1368 3327 1485 3371 omnes

282 3392 465 3476 antiphone
495 3396 654 3458 dicantur.
718 3395 756 3457 ln
787 3395 998 3477 processione
1027 3404 1106 3459 ante
1136 3395 1271 3458 missam
1302 3394 1486 3476 antiphona

284 3479 382 3544 Sedit
407 3482 550 3564 angelus,
588 3482 627 3544 ln
653 3481 789 3546 introitu
813 3482 904 3546 chori
938 3480 1091 3547 Christus
1121 3502 1299 3564 resurgens,
1322 3501 1398 3545 eum
1420 3501 1483 3544 suo

282 3566 450 3631 versiculo.

284 3271 354 3341 May
366 3267 421 3341 26.]

325 3691 359 3762 (l
382 3686 479 3750 Feria
493 3687 533 3750 .ii.
550 3687 786 3769 Rogatianum,
803 3688 846 3752 de
868 3687 956 3762 feria,
979 3708 1055 3752 cum
1079 3687 1291 3771 expositione
1312 3687 1484 3770 euangelii.

285 3773 511 3856 Responsoria
533 3775 576 3837 de
592 3774 632 3836 ii.
649 3775 737 3852 feria,
754 3774 878 3838 scilicet
893 3774 1057 3851 Narrabo,
1073 3795 1149 3839 cum
1172 3775 1303 3839 duobus
1317 3774 1485 3857 sequenti-

283 3859 354 3923 bus.
401 3861 505 3924 Missa
528 3861 734 3925 dominicalis
761 3863 823 3926 erit
848 3882 979 3926 summa
1006 3862 1114 3926 missa.
1164 3862 1271 3926 Missa
1296 3862 1339 3926 de
1362 3862 1484 3925 ieiunio

282 3947 411 4011 dicatur
425 3948 459 4011 in
474 3949 692 4030 processione.

315 4282 324 4314 r
359 4283 364 4295 ·
387 4302 394 4316 .
811 4314 815 4321 ,

314 4301 373 4385 ‘2-vl‘
384 4283 455 4399 lulli.
465 4283 529 4400 leglia
546 4349 690 4414 precedenti
700 4359 829 4400 cantentur
842 4349 1008 4415 Responsoria
1024 4350 1056 4401 de
1073 4350 1098 4401 ii.
1119 4350 1181 4401 seria
1197 4350 1292 4401 scilicet
1304 4352 1408 4413 Dr'gnm
1417 4366 1442 4400 cs
1458 4360 1483 4401 et

284 4414 451 4491 Responsoria
462 4414 494 4464 de
504 4414 538 4464 iii.
552 4414 613 4465 seria
623 4426 648 4464 et
659 4414 691 4466 de
703 4415 746 4492 iiii.
752 4416 859 4531 penitus
869 4416 1015 4466 omittantur
1027 4432 1072 4480 pro
1083 4416 1131 4493 isto
1140 4432 1225 4467 anno:
1243 4415 1284 4478 87,
1297 4415 1336 4465 88.

315 4478 368 4516 ’Δ
384 4480 415 4530 de
427 4496 451 4530 11.
466 4479 526 4530 fena
537 4488 562 4530 et
575 4481 742 4543 Responsoria
770 4489 867 4530 eterna
879 4490 904 4531 et
914 4492 1003 4547 quarta
1014 4490 1226 4547 pretermittantur
1237 4500 1243 4532 ε
1255 4493 1297 4544 97,
1309 4495 1349 4531 01.
