3372 5224
294 447 340 512 158
600 443 876 494 DIRECTORIUM
893 443 1159 495 SACERDOTUM.

337 606 370 676 (Ι
394 598 491 662 Feria
513 619 550 661 .v.
578 598 697 660 dicitur
720 607 876 660 octauum
902 597 1164 679 Responsorium
1189 597 1326 662 historie
1356 597 1498 662 domini·

295 686 383 764 calis,
400 705 475 748 cum
491 684 622 748 duobus
639 683 813 746 ferialibus.

294 834 374 908 April
390 830 442 904 10.]
469 829 502 899 (Ι
526 820 704 886 Dominica
720 822 751 883 in
766 821 866 884 ramis
884 818 1083 899 Palmarum,
1097 830 1169 886 tota
1186 832 1339 886 cantetur
1353 822 1498 887 historia.

338 969 372 1039 (Ι
395 960 495 1024 Feria
509 959 558 1036 .ii.,
573 967 607 1021 et
623 959 740 1021 ceteris
756 957 844 1020 seriis
860 979 919 1040 per
935 957 1191 1034 hebdomadam,
1208 958 1251 1022 de
1267 959 1397 1024 ieiunio,

338 1106 371 1176 (Ι
395 1096 492 1161 Feria
517 1117 555 1159 .V.
582 1095 645 1158 erit
671 1094 830 1157 memoria
860 1095 902 1157 ad
932 1115 1087 1178 vesperas
1113 1105 1146 1159 et
1180 1097 1222 1159 ad
1250 1098 1431 1161 matutinas
1455 1098 1498 1160 de

298 1183 498 1268 martyribus
514 1181 680 1264 Tyburtio
695 1190 729 1244 et
745 1180 926 1245 Valeriano
942 1181 974 1244 in
991 1183 1130 1246 seruicio
1146 1182 1244 1247 beate
1258 1185 1402 1267 virginis.

339 1330 374 1401 (Ι
397 1319 493 1385 Feria
515 1319 565 1382 .iii.
589 1319 742 1382 dicantur
766 1318 922 1400 Exequie
946 1318 1165 1398 Mortuorum,
1188 1339 1263 1383 curn
1280 1321 1334 1384 .ix.
1351 1320 1498 1384 lectioni·

297 1413 368 1476 bus.
413 1409 582 1488 Deinceps
597 1408 746 1487 vespere¹
762 1425 828 1468 non
846 1404 1015 1468 dicuntur²
1029 1427 1133 1488 vsque
1150 1418 1226 1489 post
1242 1407 1449 1472 Trinitatem.

472 1543 570 1694 (Ιῒζη
595 1541 650 1606 die
676 1542 786 1620 Pasce,
814 1551 847 1605 et
870 1563 930 1625 per
953 1541 1212 1621 hebdomadam,
1235 1544 1277 1608 de
1301 1543 1499 1609 solennitate

485 1650 520 1694 es
537 1650 555 1692 r.

341 1775 376 1846 (Ι
398 1766 564 1832 Omnibus
580 1765 756 1828 dominicis
772 1785 877 1847 vsque
903 1766 946 1828 ad
963 1766 1219 1844 Ascensionem,
1234 1769 1276 1831 de
1301 1787 1498 1851 quocunque

300 1854 358 1920 fiat
373 1855 558 1931 seruicium,
573 1853 616 1916 ad
631 1862 789 1934 vtrasque
810 1873 965 1935 vesperas
980 1863 1015 1916 et
1031 1856 1073 1918 ad
1090 1856 1272 1918 matutinas
1284 1855 1341 1919 fiat
1352 1855 1498 1919 solennis

297 1941 457 2007 memoria
471 1941 514 2004 de
530 1940 716 2005 dominica:
738 1941 796 2003 sed
814 1960 984 2022 nunquam
1000 1941 1043 2003 ad
1060 1941 1204 2005 missam.

296 1597 377 1669 April
392 1593 444 1667 17.]

341 2085 376 2156 (Ι
398 2077 565 2143 Omnibus
595 2077 696 2140 etiam
735 2075 825 2139 sestis
863 2086 1053 2140 sanctorum
1088 2098 1163 2142 curn
1203 2079 1363 2163 regimine
1400 2079 1499 2156 chori,

299 2186 403 2248 vsque
419 2164 460 2228 ad
476 2164 623 2245 vigiliam
651 2163 867 2227 Ascensionis
890 2164 1070 2239 exclusiue,
1097 2164 1154 2229 fiat
1177 2165 1322 2237 solennis
1340 2166 1499 2229 memoria

300 2254 342 2317 de
359 2251 603 2325 resurrectione,
629 2250 670 2312 ad
699 2270 854 2332 vesperas
869 2251 917 2314 et⁸
944 2253 1127 2315 matutinas
1149 2262 1183 2315 et
1209 2253 1251 2316 ad
1276 2253 1420 2327 missam,
1437 2252 1498 2315 nisi

300 2340 333 2403 in
353 2339 549 2402 inuentione
573 2336 696 2402 Sancte
720 2337 843 2414 Crucis,
859 2347 894 2403 et
919 2338 953 2400 in
969 2338 1120 2403 sabbatis
1135 2340 1178 2402 ad
1193 2359 1356 2422 vesperas.
1402 2339 1498 2402 Tunc

298 2426 387 2490 enim
404 2425 461 2489 fiat
477 2424 651 2508 processio.

340 2568 374 2638 (Ι
398 2562 549 2625 Festum⁴
565 2561 671 2653 sancti
687 2560 822 2645 Georgii
838 2559 1009 2626 differatur
1023 2583 1129 2644 vsque
1151 2562 1184 2626 in
1208 2561 1271 2625 .iiii.
1288 2562 1402 2625 seriam
1422 2571 1499 2645 post

295 2660 443 2714 octauas

266 2880 269 2882 ψ
299 2816 446 2891 Arta]
473 2767 795 2918 {statuat
816 2768 1333 2920 tssffiti’rti‘z‘aattfrsssst
1347 2768 1499 2919 sitit}

297 2943 340 3006 de
355 2904 604 3006 resurrectione,
647 2942 724 3005 Non
740 2940 870 3005 dicatur
885 2943 983 3017 Deus,
999 2943 1059 3024 qui
1069 2941 1226 3007 hodierna
1240 2942 1300 3020 dia,
1316 2943 1376 3006 sed
1399 2943 1497 3020 Deus,

296 3030 424 3112 qaipar
437 3029 648 3110 unigenitam.
692 3027 841 3112 Vespere
857 3039 952 3093 erunt
964 3031 1007 3094 de
1023 3039 1138 3093 sancto
1149 3031 1273 3107 Marco,
1288 3039 1322 3093 et
1338 3030 1498 3093 memoria

299 3116 340 3180 de
356 3114 532 3193 dominica,
547 3125 581 3179 et
596 3117 638 3179 de
654 3116 898 3180 resurrectione.

334 3259 369 3330 (Ι
392 3253 488 3316 Feria
503 3253 543 3316 .ii.
559 3252 601 3316 de
617 3262 733 3316 sancto
751 3252 876 3330 Marco,
894 3252 1035 3316 Inferius
1052 3254 1186 3336 duplex

339 3395 372 3465 (Ι
396 3389 493 3453 Feria
515 3389 567 3452 .iii.
590 3389 632 3453 de
655 3389 744 3453 seria.
791 3389 1016 3473 Responsoria
1035 3391 1078 3454 de
1104 3391 1253 3455 secunda
1272 3390 1360 3468 seria,
1376 3390 1499 3455 scilicet

295 3477 430 3559 Dignus
442 3498 482 3540 es.
529 3476 633 3539 Missa
647 3476 865 3541 dominicalis.

340 3757 373 3827 (Ι
397 3751 495 3814 Feria
509 3773 547 3814 .v.
562 3752 605 3814 de
620 3760 736 3814 sancto
751 3751 873 3827 Vitale,
888 3752 932 3815 iii.
949 3750 1109 3816 lectiones
1125 3772 1200 3815 curn
1217 3751 1377 3836 regimine
1399 3752 1498 3816 chori.

297 3837 491 3922 Capitulum
506 3838 628 3901 Beatus
642 3838 705 3915 vir,
720 3837 827 3919 quiin
842 3838 1012 3921 sapientia.

339 3981 374 4052 (Ι
396 3975 494 4039 Feria
508 3975 557 4039 .vi.
573 3976 615 4038 de
631 3974 719 4038 sesto
734 3975 805 4038 loci.

329 4352 338 4384 ¹
355 4353 447 4404 cotidie
458 4354 560 4419 exequie
564 4355 612 4419 sar
621 4370 740 4420 vespere:
759 4353 799 4417 87,
817 4354 856 4406 88.
1054 4354 1212 4408 ⁹dicantur:
1229 4355 1269 4406 88.

327 4417 339 4449 ³
354 4427 395 4470 et:
411 4436 458 4469 ona.
473 4419 514 4479 87,
527 4418 575 4470 88:
592 4419 677 4471 etad:
695 4431 736 4483 97,
747 4433 788 4470 01.

327 4482 339 4514 ⁴
355 4493 381 4535 et
391 4485 467 4549 besara
478 4485 597 4537 Festums
613 4496 655 4547 97,
667 4498 707 4536 01.
