3316 5220
302 467 353 517 320
628 451 908 502 DIRECTORIUM
935 451 1205 502 sncEnDOTUM.

304 607 553 671 resurrectione:
600 606 679 669 Non
703 605 825 668 dicitur
846 604 946 681 Deus,
968 604 1030 685 qai
1048 603 1206 667 hadt'ema
1227 604 1304 668 dt'e:
1331 604 1391 667 sed
1413 603 1515 673 Deus,

299 696 433 777 quiper
444 693 660 775 vuapenitum.

344 820 380 964 1(Ι
404 815 501 878 Feria
516 813 566 890 .ii.‚
581 814 625 877 de
640 812 729 876 seria
775 811 1002 894 Responsoria
1020 811 1155 892 Dignus
1168 833 1202 875 es
1214 835 1226 875 .·
1249 811 1351 874 missa
1368 809 1516 875 domini·

302 922 343 965 ea
357 923 392 965 1s.

346 1027 381 1097 (Ι
405 1021 501 1085 Feria
524 1020 577 1086 .iii.
602 1021 645 1083 de
669 1028 787 1082 sancto
810 1018 947 1083 Vitale:
971 1028 1038 1081 tres
1064 1018 1225 1083 lectiones
1247 1039 1324 1082 cum
1350 1017 1515 1101 regimine

303 1109 402 1173 chori.

303 1316 426 1381 Beatus
440 1316 504 1393 vir,
520 1315 629 1398 quiin
644 1314 814 1395 sapientia.

346 1443 380 1512 (Ι
404 1437 502 1500 Feria
516 1458 554 1500 .v.
571 1436 614 1498 de
630 1434 717 1498 sesto
732 1433 804 1497 loci.

346 1563 380 1633 (Ι
404 1557 501 1620 Feria
516 1556 566 1620 .vi.
583 1554 626 1618 de
641 1554 823 1636 apostolis‚¹
842 1553 983 1618 Inferius
998 1553 1135 1636 duplex.

346 1683 380 1752 (Ι
404 1676 565 1752 sabbato,
581 1675 624 1737 de
640 1684 756 1737 sancta
773 1674 890 1738 Maria

344 1805 379 1875 (Ι
400 1798 470 1861 Vbi
486 1796 572 1860 fiunt
587 1805 654 1860 tres
670 1795 1016 1871 commemorationes,
1031 1794 1064 1857 in
1087 1796 1126 1860 .ii.
1144 1795 1226 1858 feria
1248 1795 1308 1859 fiat
1331 1816 1397 1859 vna
1419 1816 1514 1859 com-

299 1885 508 1950 memoratio.
548 1883 666 1945 Missa²
682 1881 893 1945 dominicalis
906 1882 939 1944 in
952 1882 1100 1963 capitulo
1115 1883 1244 1947 dicitur.
1283 1883 1341 1946 Ad
1353 1903 1515 1964 vesperas

301 1974 344 2037 de
370 1972 496 2037 Sancta
511 1970 628 2048 cruce,
652 1970 814 2033 memoria
830 1969 977 2032 solennis
996 1969 1039 2032 de
1064 1971 1297 2051 martyribus³t
1320 1969 1445 2034 deinde
1470 1970 1514 2032 de

301 2060 488 2125 dominica:
512 2058 642 2141 postea⁴
659 2056 718 2119 fiat
741 2057 917 2138 processio.
964 2056 996 2119 N
1000 2056 1080 2120 ulla⁵
1104 2058 1266 2121 memoria
1283 2058 1327 2121 de
1348 2078 1515 2121 resurrec-

300 2150 414 2211 tione.⁰

302 2317 360 2372 M.
478 2270 512 2339 (Ι
535 2263 717 2329 Dominica
742 2263 782 2327 ii.
810 2273 887 2345 post
911 2264 1024 2342 Pasca,
1039 2273 1149 2327 totum
1168 2265 1211 2328 de
1235 2265 1361 2331 Sancta
1382 2264 1515 2329 Cruce:

335 2314 413 2388 Μ’]
480 2353 591 2415 minus
617 2351 767 2432 duplex:
801 2351 962 2415 memoria
985 2353 1029 2415 de
1047 2353 1287 2433 martyribus³z
1321 2352 1515 2434 antiphona

300 2441 378 2503 Lux
390 2449 546 2522 perpetua
570 2438 710 2501 minoe:
745 2438 906 2501 memoria
947 2438 990 2500 de
1024 2439 1200 2503 dominica.
1255 2439 1312 2502 Ad
1343 2440 1514 2502 secundas

298 2547 456 2610 vesperas
472 2526 557 2602 sesti,
573 2524 631 2587 fiat
648 2525 822 2587 memoria⁸
837 2534 970 2589 tantum
987 2525 1029 2587 de
1041 2526 1219 2590 dominica

342 2661 377 2731 (Ι
401 2655 497 2718 Feria
527 2655 566 2718 .ii.
597 2654 640 2716 de
671 2652 758 2716 seria.
805 2653 1032 2736 Responsoria
1061 2653 1197 2736 Dignus
1232 2676 1273 2720 es.
1320 2654 1427 2717 Missa
1469 2657 1513 2719 de

298 2743 479 2805 dominica.

342 2869 376 2938 (Ι
400 2862 497 2925 Feria
511 2861 563 2925 iii.
580 2861 623 2923 de
638 2870 756 2924 sancto
774 2859 899 2939 Marc0,
918 2861 1059 2925 Inferius
1076 2861 1212 2944 duplex.

341 3125 375 3194 (Ι
399 3119 497 3183 Feria
511 3140 548 3183 .v.
565 3119 607 3181 de
623 3126 740 3180 sancto
758 3116 910 3181 Iohanne
925 3119 1122 3182 beuerlaco:
1146 3120 1188 3184 iii.
1211 3118 1371 3182 lectiones
1387 3115 1424 3204 [ο
1440 3119 1510 3201 .νῑ.]

293 3227 376 3270 eum
392 3206 553 3288 regimine
568 3205 668 3268 chori.

341 3332 375 3402 (Ι
399 3325 496 3388 Feria
511 3325 560 3389 .vi.
577 3325 620 3388 de
635 3323 721 3387 sesto
737 3323 809 3387 loci.

340 3452 375 3522 (Ι
398 3444 559 3522 Sabbato,
574 3445 617 3507 de
631 3453 748 3507 sancta
765 3445 881 3508 Maria

339 3572 375 3642 (Ι
396 3565 465 3629 Vbi
482 3564 567 3629 fiunt
581 3573 649 3628 tres
664 3566 1010 3641 commemorationes,
1025 3566 1058 3628 in
1074 3566 1104 3631 ii.
1129 3566 1210 3630 seria
1232 3566 1317 3631 fiat¹⁰
1331 3587 1398 3632 vna
1413 3589 1508 3632 com-

298 3653 504 3717 memoratio,
551 3652 681 3714 Missa¹¹
693 3652 903 3716 dominicalis
919 3653 953 3716 in
969 3655 1116 3735 capitulo
1131 3655 1285 3718 dicitur¹²

473 3778 507 3847 (Ι
532 3772 712 3834 Dominica
726 3771 793 3834 .ii.¹⁸
812 3782 889 3854 post
906 3772 1019 3850 Pasce,
1034 3774 1078 3837 de
1093 3774 1232 3837 seruicio
1247 3775 1451 3849 dominicali,
1468 3786 1504 3837 et

298 3821 357 3877 Mai
374 3819 427 3892 [θ’]
475 3859 636 3922 memoria
651 3859 694 3921 de
710 3858 946 3941 martyribus.¹⁴
993 3861 1033 3923 In
1050 3861 1204 3925 laudibus
1220 3881 1285 3925 vna
1308 3863 1505 3945 antiphona

328 4114 338 4188 ¹.
355 4115 401 4166 SS.
416 4115 534 4182 Philippo
545 4126 571 4167 et
583 4117 684 4168 Iacobo.
980 4118 992 4149 ²
1008 4127 1033 4169 et
1044 4120 1121 4183 before
1131 4121 1224 4172 misse:
1241 4121 1283 4182 87,
1296 4121 1335 4171 88.

327 4179 687 4311 {arannem
976 4184 1343 4312 {separarer

326 4311 431 4407 :Crede
442 4314 482 4362 M.
495 4315 508 4372 5
523 4284 582 4387 1344·
590 4329 615 4378 p.
630 4284 695 4374 ἆυ..
977 4288 1113 4391 “solennis
1123 4263 1369 4380 memoriiigyfosr.

353 4386 411 4427 ante
423 4386 487 4442 port.
501 4380 571 4427 laun.
978 4378 999 4411 ¹⁰
1014 4382 1112 4445 errtsar
1121 4383 1179 4431 fiat:
1198 4381 1238 4445 87.

327 4439 347 4537 3
363 4452 389 4518 er
399 4442 477 4507 besara
487 4442 579 4493 missae
597 4443 639 4505 87,
651 4442 684 4493 88
976 4443 997 4475 ¹2
1012 4446 1123 4496 dioetur:
1141 4446 1182 4523 88

364 4524 418 4558 nr:
435 4507 477 4569 87,
490 4507 530 4557 88.
981 4508 1001 4540 ¹⁴
1018 4511 1063 4562 SS.
1078 4513 1207 4563 Gordiano
1217 4522 1265 4564 etc.
