3330 5218
278 397 311 448 80
615 399 891 451 DIRECTORIUM
907 400 1174 453 SACERDOTUM.

275 552 618 627 commemorationes,
649 552 682 615 in
713 552 764 617 iii.
795 552 876 616 feria
906 550 964 616 fiat
987 573 1053 616 vna
1076 556 1357 633 commemoratio,
1385 558 1477 622 etin

276 639 445 703 dominica
461 638 581 701 dicitur
597 638 697 702 missa
713 639 756 702 de
772 639 834 703 ,iiii
851 641 1017 704 dominica
1032 642 1065 704 in
1081 642 1236 724 capitulo.

279 764 347 818 Feb.
364 759 416 832 12.]
451 765 485 835 ἦ
509 759 688 822 Dominica
703 758 737 822 in
753 759 835 822 .lxx.
851 769 924 824 tota
939 760 1060 825 dicitur
1074 761 1218 825 historia.

320 884 355 955 ([
378 878 473 942 Feria
488 879 528 942 ‚ii
545 879 587 941 de
603 879 687 942 sesto
702 878 775 943 loci.

319 1006 353 1076 ἦ
377 1000 473 1062 Feria
488 999 538 1062 iii.
562 999 605 1062 de
632 1009 749 1064 sancto
771 999 960 1064 Valentino.
1008 1000 1239 1065 Inuitatorium
1264 1002 1418 1086 simplex,
1434 1005 1475 1067 iii,

275 1087 434 1151 lectiones
449 1106 525 1151 cum
542 1097 714 1151 nocturno.
760 1086 954 1170 Capitulum
970 1087 1037 1150 Iste
1050 1097 1188 1151 sanctus.

276 1295 298 1358 d
318 1213 367 1307 ἦ.
377 1207 473 1357 Eerila
485 1207 547 1271 iiii.
559 1209 602 1271 de
617 1208 706 1272 feria
745 1207 969 1290 Responsoria
984 1209 1027 1271 de
1042 1209 1148 1291 primo
1164 1221 1327 1274 nocturno
1342 1211 1477 1274 historie

300 1314 444 1358 omrnrca
457 1315 493 1357 rs.

317 1420 352 1491 ([
375 1414 471 1477 Feria
493 1437 530 1478 .v.
552 1415 594 1478 de
613 1424 729 1478 sancta
759 1414 889 1478 Iuliana
911 1414 1047 1498 virgine,
1066 1415 1298 1479 Inuitatorium
1323 1417 1478 1500 simplex,

276 1521 352 1566 cum
370 1510 540 1565 nocturno.

317 1627 352 1698 ([
375 1622 471 1686 Feria
501 1623 549 1685 .vi.
581 1622 623 1684 de
654 1620 755 1699 seria,¹
786 1631 820 1686 et
850 1621 918 1684 duo
948 1621 1074 1685 ferialia
1101 1623 1325 1706 Responsoria
1356 1625 1480 1707 pariter

275 1719 460 1773 cantentur.
1136 1718 1140 1727 '

317 1835 352 1906 ([
375 1829 534 1905 Sabbato,
564 1829 607 1892 de
637 1838 754 1893 sancta
792 1829 933 1892 Maria*
968 1829 1035 1893 Vbi
1066 1828 1151 1895 fiunt
1180 1841 1246 1895 tres
1277 1853 1478 1897 commemo-

274 1918 429 1992 rationes,
446 1916 479 1978 in
495 1916 559 1979 iiii.
575 1915 657 1979 seria
673 1914 743 1980 fiet²
757 1936 824 1980 vna
840 1918 1122 1981 commemoratio.

276 2046 344 2100 Feb.
361 2040 414 2113 ¹9·]
449 2043 483 2113 41
507 2036 685 2099 Dominica
700 2036 732 2099 in
750 2036 814 2113 .lx.,
829 2045 903 2100 tota
917 2047 1070 2100 cantetur
1084 2037 1228 2102 historia

317 2167 352 2238 ([
374 2159 472 2224 Feria
487 2157 527 2220 .ii.
542 2156 586 2219 de
601 2155 699 2219 seriis.
745 2155 850 2219 Missa
867 2155 970 2220 Salus
977 2157 1097 2240 populi.

317 2287 352 2358 ([
376 2279 472 2343 Feria
486 2278 536 2341 iii.
552 2277 595 2341 de
611 2275 696 2340 sesto
711 2275 784 2340 loci.

315 2528 350 2597 (Ι
374 2519 471 2584 Feria
486 2540 522 2581 .v.
539 2519 582 2581 de
604 2516 700 2593 feriis,
725 2519 825 2582 missa
847 2519 903 2581 ³de
926 2518 1100 2583 dominica
1148 2518 1300 2600 Epistola
1320 2529 1354 2583 et
1376 2540 1478 2584 euan-

272 2607 410 2693 gelium⁴
426 2606 488 2669 iiii.
505 2604 590 2668 serie.

315 2735 350 2804 (Ι
373 2727 517 2792 Sanctus
535 2725 680 2789 Mathias
695 2724 867 2809 apostolus
883 2745 949 2788 non
966 2725 1067 2788 habet
1078 2725 1234 2807 vigiliam,
1246 2726 1308 2789 nisi
1317 2725 1474 2790 ieiunium

273 2825 414 2890 tantum,
431 2815 463 2876 in
479 2813 617 2876 ecclesia
633 2813 761 2879 Sarum.

315 2942 349 3012 41
373 2934 468 2997 Feria
483 2934 531 2996 .vi.
548 2933 591 2995 de
607 2941 723 2996 sancto
740 2931 877 3007 Mathia,
894 2931 1028 2995 inferius
1050 2933 1186 3016 duplex.
1231 2933 1289 2996 Ad
1313 2935 1475 2998 secundas

272 3041 436 3104 vesperas,
452 3020 638 3104 antiphona
655 3019 725 3082 Sub
740 3029 839 3095 tuam,
856 3018 1043 3083 solenniter.

316 3148 350 3218 41
374 3141 533 3217 Sabbat0,
564 3141 606 3203 de
636 3150 753 3204 sancta
784 3140 899 3203 Maria.
958 3139 1024 3203 Vbi
1056 3138 1141 3204 fiunt
1170 3150 1237 3204 tres
1273 3161 1475 3206 commemo·

272 3231 425 3304 rationes
441 3229 474 3291 in
490 3229 529 3290 ii.
545 3227 625 3291 seria
641 3224 710 3290 het²
725 3246 790 3290 vna
805 3228 1086 3290 commemoratio.

315 3356 350 3425 (Ι
375 3349 413 3411 In
445 3368 534 3411 anno
563 3347 719 3423 bisextili,
753 3348 791 3410 In
822 3347 963 3411 sabbato
993 3347 1055 3410 erit
1085 3347 1259 3411 seruicium
1289 3348 1333 3411 de
1359 3359 1475 3413 sancto

273 3436 412 3511 Mathia,
429 3436 476 3499 Et
491 3437 522 3498 in
534 3434 582 3497 .vi.
595 3434 675 3497 seria
690 3435 732 3497 de
747 3443 863 3497 sancta
880 3433 995 3496 Maria.
1042 3434 1087 3497 Et
1103 3445 1182 3497 tunc
1198 3435 1241 3498 ab
1256 3433 1319 3497 hoc
1334 3436 1475 3499 sabbato

270 3543 375 3607 vsque
390 3524 432 3586 ad
450 3522 695 3585 inchoationem
720 3521 855 3584 historie
898 3520 940 3582 ln
948 3521 1109 3602 principii>
1124 3522 1305 3604 accipiatur
1319 3532 1474 3605 quartum

276 3610 307 3675 G
322 3631 382 3692 pro
399 3609 508 3674 littera
522 3608 722 3685 dominicali,
737 3618 771 3671 et
787 3607 959 3671 inchoetur
974 3608 1016 3671 ad
1033 3607 1233 3672 dominicam
1251 3610 1284 3672 in
1304 3608 1475 3693 Quinqua-

272 3717 407 3781 gesrma

273 3823 340 3879 Feb.
355 3820 410 3893 ιὰ]
445 3824 479 3894 (1
502 3815 680 3881 Dominica
697 3816 729 3878 in
745 3814 783 3892 .1.,
799 3823 871 3879 tota
885 3823 1038 3879 cantetur
1053 3815 1197 3880 historia

314 3946 349 4017 ([
372 3939 468 4003 Feria
483 3939 521 4001 ii.
538 3939 580 4001 de
596 3937 681 4000 festo
696 3935 768 3999 loci.

314 4067 348 4137 41
373 4061 469 4123 Feria
483 4059 533 4122 iii.
549 4058 592 4121 de
608 4066 724 4120 sancta
740 4056 856 4119 Maria.

304 4423 312 4454 ¹
330 4424 414 4475 feriis:
431 4435 473 4487 97,
485 4437 526 4473 01.
697 4420 708 4451 ²
725 4421 785 4471 halt
803 4419 844 4482 87,
857 4419 897 4470 88.
1094 4419 1147 4458 ³—⁴
1163 4438 1230 4472 orn:
1248 4421 1289 4484 87,
1303 4422 1342 4472 88.
