3372 5224
582 478 741 530 PRIMUM
760 479 794 528 B.
828 479 883 528 xvi.
901 479 962 529 xiii.
981 495 1006 528 ι’.
1364 488 1412 539 119

250 633 285 704 (I
295 629 405 780 dlzeria
419 652 457 695 .v.
473 633 517 695 de
530 639 649 695 sancto
666 631 805 708 lulian0,
821 651 897 696 cum
908 641 1079 696 nocturno,
1123 630 1317 714 Capitulum
1331 628 1412 694 Ecce

207 735 298 779 sacer
335 737 360 779 s.

250 841 285 912 (I
308 837 405 900 Feria
429 839 482 902 ‚vi
509 839 552 902 de
576 848 692 902 sancta
719 839 867 923 Agnete¹
893 859 970 902 cum
999 847 1170 903 nocturno
1217 835 1410 919 Capitulum

207 922 349 987 Domine
361 925 454 988 Deus
468 928 578 989 meus.²

250 1049 284 1120 (l
307 1042 466 1121 Sabbato,
479 1045 522 1109 de
537 1055 653 1109 sancta
669 1046 785 1109 Maria
817 1045 885 1110 uui
896 1045 980 1109 liunt
989 1055 1055 1108 tres
1067 1043 1409 1117 commemorationes,

209 1129 242 1192 in
258 1131 312 1193 iiii.
322 1130 402 1232 feria
418 1130 476 1196 fiat
487 1153 553 1196 vna
568 1133 860 1196 commemoratio:
876 1142 910 1197 et
925 1144 1004 1197 tunc
1020 1133 1257 1215 Responsoria⁸
1272 1148 1411 1194 coanno

207 1227 501 1299 pretermittantur.

384 1341 418 1412 (l
440 1336 621 1400 Dominica
635 1385 643 1399 .
659 1336 692 1399 in
708 1386 715 1399 .
732 1335 961 1418 Sexagesima,
977 1344 1050 1400 tota
1069 1336 1201 1398 dicitur⁴
1216 1334 1363 1410 historia,
1379 1342 1413 1396 et

385 1424 545 1487 memoria
560 1433 692 1487 tantum
707 1424 750 1487 de
764 1422 1035 1488 sancta-Baulde.

251 1546 286 1617 ΙΙ
309 1542 338 1604 F
338 1542 406 1605 eria
419 1544 462 1607 .ii.
478 1544 521 1607 de
536 1545 621 1607 festo
637 1543 709 1608 loci.

252 1663 285 1734 (I
310 1658 407 1722 Feria
421 1660 472 1723 .iii.
488 1661 530 1724 de
545 1670 662 1724 sancta
677 1660 823 1745 Brigida,
839 1681 915 1724 cum
931 1670 1102 1725 nocturno.

251 1783 286 1854 (I
309 1779 406 1843 Feria
435 1802 498 1844 am.
529 1782 651 1845 festum
682 1781 947 1847 Purificationis:
983 1781 1026 1845 ad
1063 1791 1221 1864 vtrasque
1256 1799 1413 1863 vesperas

209 1861 355 1947 hymnus
373 1865 471 1943 Quod
480 1867 595 1931 chorus
608 1879 731 1933 vatum.

251 1992 286 2062 01
310 1987 406 2051 Feria
435 2011 483 2065 .v.,
513 1990 555 2053 de
584 2001 701 2055 sancto
731 1991 854 2067 Blasio,
883 2011 959 2056 cum
990 2001 1161 2055 nocturno.
1220 1987 1413 2071 Capitulum

211 2069 330 2136 Omnis
339 2076 496 2157 pontifex.

253 2197 288 2268 ΙΙ
311 2194 408 2258 Feria
423 2198 472 2261 .vi.
489 2198 531 2261 de
546 2207 662 2261 sancta
678 2198 794 2261 Maria

253 2320 288 2391 ΙΙ
310 2313 462 2380 Sabbato
483 2317 526 2380 de
548 2327 665 2381 sancta
686 2317 834 2397 Agatha,
848 2319 894 2382 ix.
911 2316 1076 2382 lectiones
1114 2317 1316 2400 Capitulum,
1335 2314 1415 2380 Con-

208 2399 328 2475 fitcbor.
373 2402 441 2467 Vbi
465 2402 549 2468 fiunt
573 2415 639 2468 tres
663 2405 1006 2485 commemorationes,
1029 2406 1062 2468 in
1089 2406 1141 2471 .iii.
1165 2405 1247 2467 seria
1272 2403 1331 2467 fiat
1352 2421 1418 2466 vna

211 2490 495 2555 commemoratio.

206 1383 270 1453 lam
284 1381 341 1455 sol

211 2658 281 2714 Feb.
294 2656 333 2729 6,]
388 2616 423 2687 tl
445 2611 626 2712 Dominuica
652 2613 686 2674 in
714 2611 1009 2713 Quinquagesima,
1036 2622 1110 2676 tota
1133 2611 1253 2675 dicitur
1275 2610 1423 2687 historia,

388 2707 423 2760 et
439 2718 600 2761 memorra
615 2708 748 2763 tantum
763 2700 806 2762 de
821 2709 946 2763 sanctis
961 2700 1113 2765 Vedasto
1128 2709 1163 2762 et
1179 2699 1348 2763 Amando.

255 2803 290 2874 ΙΙ
313 2800 342 2862 F
342 2800 411 2864 eria
427 2802 468 2866 .ii.
484 2802 527 2865 de
543 2803 630 2866 festo
646 2802 717 2867 loci.

256 2924 291 2995 ΙΙ
313 2920 414 2984 Feria
429 2922 478 2985 .iii.
496 2923 539 2986 de
553 2932 671 2986 sancta
691 2922 807 2986 Maria

254 3045 289 3116 (Ι
312 3041 410 3103 Feria
428 3042 491 3105 .iiii.
517 3043 550 3105 in
577 3043 687 3124 capite
712 3042 834 3120 ieiunii,
848 3050 957 3106 totum
982 3041 1024 3105 de
1049 3041 1137 3104 feria

254 3165 289 3236 ΙΙ
311 3159 369 3224 Ab
387 3161 450 3224 hac
464 3183 527 3225 um.
544 3162 632 3240 seria,
647 3182 753 3245 vsque
775 3169 852 3245 post
871 3172 1008 3225 octauas
1032 3163 1143 3240 Pasce,
1159 3160 1239 3224 nihil
1261 3161 1304 3224 de
1327 3160 1419 3224 festis

213 3245 312 3397 fliium
329 3247 517 3327 lectionum,
527 3250 590 3312 nisi
599 3259 730 3313 tantum
748 3249 908 3312 memoria
918 3250 962 3313 ad
974 3269 1127 3332 vesperas
1138 3258 1173 3313 et
1184 3249 1228 3312 ad
1238 3247 1419 3312 matutinas

237 3352 256 3395 e
271 3344 387 3398 sancta
404 3336 520 3399 Maria

256 3456 410 3532 (lFeria
435 3478 474 3520 .v.
499 3458 542 3520 de
569 3458 675 3520 feriis:
700 3456 880 3521 versiculus
910 3466 946 3520 et
975 3456 1202 3539 Responsoria
1228 3455 1270 3518 de
1298 3454 1418 3538 prim0⁵

213 3554 376 3607 nocturno
390 3543 526 3608 historie
540 3544 758 3608 dominicalis.

256 3668 289 3739 (I
313 3664 342 3726 F
342 3664 410 3727 eria
424 3665 474 3727 .vi
491 3664 533 3727 de
549 3663 629 3728 seria
641 3666 662 3728 :⁶
685 3664 912 3747 Responsoria
927 3664 970 3727 de
984 3663 1132 3726 secundo
1148 3671 1316 3726 nocturno.

255 3788 290 3859 (l
313 3782 464 3849 Sabbato
479 3784 634 3848 dicuntur
649 3784 874 3867 Responsoria
889 3782 1023 3847 ferialia

213 3914 282 3970 Feb.
298 3912 351 3986 13.]
386 3912 421 3982 (Ι
443 3905 622 3970 Dominica
636 3906 665 3970 .i.
680 3905 942 3988 quadragesime,
956 3913 1029 3969 tota
1044 3913 1196 3969 cantetur
1210 3903 1355 3967 historia

255 4034 290 4104 (Ι
313 4028 342 4090 F
343 4028 411 4091 eria
425 4028 475 4105 .ii,
493 4036 526 4091 et
549 4028 595 4091 in⁷
618 4027 736 4090 ceteris
762 4025 852 4090 feriis
875 4047 934 4109 per
957 4025 1213 4100 hebdomadam,
1230 4024 1350 4087 dicitur
1372 4023 1415 4087 de

215 4115 346 4190 ieiunio,
363 4135 439 4179 cum
462 4114 598 4197 hymnis
619 4114 789 4178 versiculis
804 4124 838 4177 et
861 4113 1096 4196 Responsoriis
1118 4112 1254 4176 historie
1273 4111 1416 4174 domini-

246 4323 256 4356 ¹
272 4325 321 4376 2⁶¹⁰.
811 4323 823 4353 ²
838 4323 877 4374 Cf.
892 4323 993 4385 Deseris.
1007 4323 1154 4397 Dircctorii,
1167 4338 1189 4372 c.
1204 4332 1244 4386 50,
1257 4336 1282 4386 p.
1299 4333 1336 4383 17.

246 4388 384 4442 ’ferialiaz
400 4391 456 4440 add
471 4390 512 4453 87,
525 4390 565 4450 88,
578 4402 619 4453 97,
631 4403 672 4441 οι.
813 4388 1119 4451 ⁴cautetursordic1tur:
1136 4387 1177 4449 87,
1190 4386 1230 4437 88.

246 4454 399 4507 ‘secundm
416 4467 457 4517 97,
475 4470 516 4506 01.
812 4451 823 4484 ⁰
840 4455 930 4505 Feria:
947 4472 994 4505 om,
1008 4452 1047 4516 87.

246 4520 257 4554 ⁷
273 4521 318 4573 in:
334 4538 382 4572 om.
396 4521 438 4582 87,
450 4520 490 4571 88.
