3330 5218
299 443 333 496 66
636 441 909 493 DIRECTORIUM
927 441 1194 492 SACERDOTUM.

476 601 510 672 01
533 595 713 659 Dominica
727 594 779 658 iii.
795 604 868 659 tota
884 593 1014 658 dicitur¹
1029 594 1167 657 historia
1182 593 1323 657 Domine
1337 614 1377 657 ne
1390 593 1425 657 in
1441 594 1504 658 ira.

301 649 364 718 Jan‘
377 644 433 718 ²9']
481 684 519 747 ln
536 682 689 747 laudibus
704 702 821 746 omnes
837 681 1020 764 antiphone
1037 681 1198 745 dicantur.

343 821 379 892 (1
400 813 497 879 Feria
527 813 566 879 :ii
596 815 639 879 de
663 824 781 879 sancta
806 812 946 878 Batilde.
1001 813 1234 877 Inuitatorium
1257 813 1414 896 simplex,
1438 822 1506 876 tres

299 900 459 966 lectiones
471 903 514 967 de
536 902 725 966 communi:
748 901 886 965 tercium
902 899 1163 983 Responsorium
1180 899 1331 982 Regnum
1347 900 1472 962 mundi

344 1040 380 1111 (I
402 1035 499 1100 Feria
512 1034 565 1099 iii.
580 1035 623 1099 de
639 1034 724 1099 festo
739 1033 812 1099 loci.

301 1251 466 1404 lIectiones
512 1254 736 1336 Responsoria
759 1253 802 1317 de
823 1252 972 1317 secundo
996 1262 1168 1326 nocturn0,
1184 1271 1260 1314 cum
1279 1252 1506 1335 Responsorio

323 1341 420 1404 nduit
433 1361 490 1404 me.

344 1479 380 1550 ε
402 1473 499 1537 Feria
513 1495 550 1538 .v.
566 1472 687 1537 festum
705 1470 955 1549 Purificationis‚
970 1470 1077 1535 maius
1092 1470 1230 1553 duplex.
1269 1470 1325 1536 Ad
1342 1473 1506 1536 secundas

301 1579 456 1643 vesperas
471 1561 600 1624 dicatur
621 1580 730 1642 prosa,
745 1557 796 1635 etl
811 1579 872 1642 pro
886 1558 1023 1640 hymno,
1041 1557 1250 1621 letabundus
1271 1607 1278 1621 .
1301 1568 1336 1622 ct
1358 1557 1440 1623 nihil
1463 1560 1507 1622 de

302 1656 419 1711 sancto
435 1647 548 1711 Blasio
562 1647 605 1711 ad
621 1647 682 1710 has
697 1646 805 1710 horas.

345 1785 379 1854 Π
402 1778 499 1843 Feria
522 1768 571 1842 jvi.
597 1778 641 1841 de
672 1777 815 1861 [sancto]
847 1777 967 1841 Blasio.
1028 1775 1263 1840 Inuitatorium
1293 1777 1431 1860 duplex,
1455 1777 1508 1841 iii.

303 1864 470 1929 lectiones.
515 1864 710 1948 Capitulum
730 1864 847 1929 Omnis
852 1865 1010 1947 pontifex.

344 2002 379 2072 (I
402 1995 562 2073 Sabbat0,
592 1998 635 2061 de
664 2006 782 2060 sancta
813 1996 943 2060 Maria:
980 1997 1023 2059 ad
1062 1997 1199 2061 missam
1238 1998 1368 2062 dicatur
1403 1996 1508 2077 kyn'e'

301 2083 506 2167 erumpentem,
520 2094 554 2148 et
572 2084 722 2168 Spiritus
735 2092 767 2147 et
780 2084 872 2147 alme.
919 2084 976 2148 Ad
992 2104 1148 2166 vesperas
1163 2085 1338 2149 claudatur
1351 2084 1509 2148 Alleluia.

301 2169 374 2244 Vbi
400 2170 484 2234 fiunt
512 2181 580 2235 tres
611 2171 955 2249 commemorationes,
985 2172 1019 2234 in
1050 2171 1089 2235 ii.
1117 2172 1196 2236 seria
1221 2172 1291 2235 fiet⁸
1320 2192 1386 2235 vna
1415 2192 1508 2234 com·

303 2257 521 2322 memoratio:
557 2267 591 2322 et
621 2258 654 2321 in
685 2258 749 2323 iiii.
779 2256 861 2321 feria
884 2258 1040 2322 dicuntur
1071 2259 1297 2343 Responsoria
1326 2258 1370 2322 de
1399 2258 1509 2340 primo

302 2347 475 2410 noctu'rn0.

344 2483 380 2554 (I
401 2475 452 2542 81⁴
473 2478 518 2542 ab
540 2477 602 2542 hac
624 2477 688 2555 die,
702 2498 807 2562 vsque
829 2478 873 2541 ad
898 2477 1091 2542 Passionem
1115 2477 1253 2543 Domini
1276 2477 1457 2554 exclusiue,
1473 2477 1508 2542 in

303 2562 416 2646 aliqua
444 2563 613 2629 dominica
643 2565 765 2629 festum
796 2564 859 2628 loci
882 2565 935 2628 vel
966 2565 1134 2629 dedicatio
1158 2566 1296 2629 ecclesie
1318 2564 1508 2649 contingit.⁶

303 2660 412 2715 totum
449 2653 624 2716 seruicium
663 2651 721 2716 fiat
758 2653 800 2716 de
838 2650 932 2729 fest0,
961 2653 1014 2715 vel
1045 2653 1264 2731 dedicatione,
1293 2662 1329 2716 et
1360 2651 1507 2716 solennis

302 2738 464 2802 memoria
494 2739 537 2803 de
566 2739 750 2803 dominica:
783 2747 818 2804 et
839 2748 920 2803 tunc
943 2738 1083 2802 historia
1105 2740 1316 2804 dominicalis
1338 2760 1398 2822 per
1426 2738 1508 2802 heb·

303 2825 486 2889 domadam
501 2826 677 2890 cantatur.⁶

305 2965 374 3020 Feb.
389 2960 426 3034 5.]
469 2964 503 3035 (1
527 2959 707 3024 Dominica
722 2959 755 3022 in
772 2958 863 3036 lxx„
878 2967 951 3022 tota
967 2957 1097 3022 dicatur
1111 2958 1271 3023 historia!

348 3101 382 3170 01
406 3094 502 3158 Feria
515 3092 557 3156 ii.
571 3092 615 3156 de
637 3091 762 3156 sanctis
784 3090 1049 3156 Confessoribus⁸
1065 3112 1140 3155 cum
1165 3103 1335 3157 nocturno.
1383 3093 1510 3157 lnuita-

305 3182 429 3246 torium
451 3180 620 3263 simplex;
651 3188 685 3243 et
707 3180 754 3242 sic
781 3181 824 3243 de
846 3179 1002 3243 omnibus
1025 3178 1118 3242 lestis
1140 3179 1211 3244 sine
1234 3180 1396 3264 regimine
1417 3180 1510 3244 chori

306 3286 411 3351 vsque
425 3268 468 3332 ad
485 3276 587 3350 caput
601 3266 722 3330 ieiunii.

350 3407 385 3477 ἦ
408 3400 504 3464 Feria
533 3399 585 3463 iii.
611 3398 654 3462 de
683 3408 800 3463 sancta
830 3397 976 3481 Agatha,
1002 3397 1048 3462 ix.
1078 3397 1247 3462 lectiones.
1304 3397 1512 3481 Capitulum⁹

308 3484 496 3571 Confitebor.

341 3761 351 3793 ¹
367 3763 479 3813 dicatur:
497 3760 537 3811 88.
941 3759 953 3791 ⁹
968 3768 1055 3811 cantus
1065 3776 1156 3826 super:
1174 3762 1230 3811 adal.
1244 3770 1285 3824 97,
1297 3773 1338 3810 οι.

339 3826 427 3878 ⁸liat:
446 3825 487 3888 87,
499 3838 539 3889 97.
939 3825 1035 3876 ⁴Nota
1045 3828 1113 3890 quod
1124 3826 1202 3940 begere
1213 3825 1258 3876 Si:
1275 3836 1316 3888 97,
1328 3838 1369 3874 01.

341 3891 517 3957 lcontigerit:
535 3890 574 3941 88.
940 3888 952 3922 ⁸
967 3891 1123 3942 cantabitur:
1159 3902 1182 3952 7,
1196 3890 1235 3941 88.

341 3957 394 4008 ⁷et
415 3958 505 4008 festum
524 3957 550 4007 S.
575 3956 676 4021 Agathe
697 3956 824 4007 differatur
845 3971 922 4021 usque
943 3957 976 4006 ad
996 3956 1030 4006 iii.
1051 3956 1146 4006 leriam.
1181 3957 1223 4006 Ad
1243 3954 1364 4005 secundus
1382 3970 1509 4021 vesperus,

309 4021 430 4073 memoris
441 4024 473 4073 de
483 4021 665 4073 consessoribus
677 4021 800 4083 [Vcdasto
815 4030 841 4072 et
857 4021 994 4083 Amando],
1008 4031 1032 4071 et
1052 4021 1121 4073 des.
1137 4022 1218 4071 Mutia
1230 4022 1315 4083 (Bran.
1329 4022 1409 4080 San).
1445 4021 1510 4071 This

309 4091 376 4152 (says
387 4088 430 4138 the
440 4088 502 4137 Rev.
514 4088 554 4137 W.
566 4087 592 4138 S.
603 4088 757 4146 Isherwood)
769 4103 875 4163 appeais
883 4096 910 4136 to
917 4087 949 4136 be
960 4103 993 4137 an
1004 4103 1071 4136 error
1079 4087 1109 4136 ol
1116 4088 1159 4137 the
1168 4085 1273 4151 original
1284 4085 1364 4135 scribe
1374 4104 1382 4145 ;
1399 4085 1438 4135 sor
1445 4086 1510 4136 alter

309 4155 353 4204 the
362 4152 521 4203 Purification
530 4154 648 4201 memorie
659 4154 688 4202 dc
698 4154 725 4201 S.
738 4154 826 4201 Mane
837 4152 857 4201 is
868 4168 902 4201 no
913 4152 1000 4215 longer
1010 4152 1065 4202 said
1076 4168 1109 4201 on
1121 4151 1236 4217 Sundays
1247 4168 1276 4201 or
1283 4152 1355 4201 other
1362 4151 1436 4201 leasts
1446 4150 1508 4201 with

311 4220 409 4278 Rulers‚
422 4219 467 4268 hut
484 4219 543 4281 only
553 4234 588 4267 on
604 4217 665 4282 days
682 4218 755 4267 when
774 4218 890 4266 neenwn'a
901 4218 929 4266 de
942 4218 1065 4266 Omnibus
1076 4218 1176 4266 Satutis
1194 4217 1215 4266 is
1234 4216 1304 4267 said:
1321 4216 1379 4274 viz„
1392 4217 1510 4280 profestis

309 4286 393 4333 di'cbus
404 4284 490 4344 (Brev.
504 4284 561 4332 Sar.
575 4283 591 4332 i.
606 4282 726 4342 ccccxxi.)
738 4283 779 4332 le.
793 4282 900 4347 infestis
911 4283 992 4331 trium
1004 4283 1143 4342 lectionum,
1155 4283 1210 4332 sinc
1221 4283 1342 4346 regimim
1351 4282 1429 4340 clion',
1442 4290 1467 4331 et
1479 4283 1510 4330 in

300 4349 710 4465 fqthltbllldlsctclxellllmando.

341 4476 352 4510 ⁹
369 4480 409 4531 De
421 4479 447 4530 S.
461 4480 561 4544 Agatha
574 4478 599 4528 in
611 4478 654 4528 ier.
669 4477 703 4527 iii.
717 4478 749 4527 cs.
767 4478 842 4527 Crede
853 4478 891 4527 M.
906 4477 985 4539 5569,
1000 4487 1054 4540 137,
1073 4493 1115 4542 pp.
1130 4488 1170 4539 47,
1184 4475 1223 4527 68.
