3330 5218
482 452 700 504 SECUNDUM
716 454 750 502 A.
785 452 862 502 xviii.
887 468 929 501 xv.
953 468 980 501 x.
1005 453 1051 501 vii.
1338 461 1368 513 57

209 612 242 682 (Ι
266 604 363 669 Feria
379 627 417 668 .v.
434 606 476 668 de
492 605 580 669 sesto
595 605 667 669 loci.

209 731 243 802 (Ι
267 725 363 788 Feria
389 727 439 789 .vi.
464 727 507 789 de
521 735 640 788 sancto
655 724 779 788 Vitale.
825 723 1017 807 Capitulum
1037 724 1159 787 Beatus
1180 723 1237 786 vir
1253 723 1314 804 qui
1333 723 1369 785 in

162 813 332 894 saptente'a.

205 938 241 1008 (Ι
265 932 425 1009 Sabbato,
447 933 490 995 de
514 942 630 995 sancta
656 932 770 994 Maria
797 941 832 995 et
858 932 902 996 ad
932 952 1086 1014 vesperas
1114 930 1172 995 fiat
1202 930 1369 1013 processio

165 1022 256 1082 ante¹
282 1018 422 1082 crucem.
478 1019 545 1082 Vbi
577 1018 661 1082 fiunt
684 1028 750 1083 tres
774 1020 1116 1089 commemorationes,
1141 1018 1173 1080 in
1200 1018 1263 1080 iiii.
1288 1017 1370 1080 seria

166 1105 237 1169 fiet²
266 1127 331 1169 vna
361 1108 652 1169 commemoratio:
689 1116 724 1169 et
753 1116 833 1169 tunc
865 1107 898 1168 in
929 1105 1075 1168 secunda
1105 1104 1186 1168 feria
1216 1105 1370 1168 dicuntur

166 1193 391 1275 Responsoria
429 1193 471 1255 de
501 1194 563 1257 iiii.
595 1193 684 1270 seria,
714 1194 840 1256 scilieet
879 1192 960 1256 Vidi
978 1203 1132 1274 portam3
1170 1211 1244 1254 cum
1268 1192 1370 1255 missa

162 1280 363 1344 dominicali.

257 1446 314 1519 ψ’]
340 1397 1369 1568 i.licitatumreintromittant.

163 1571 222 1634 fiat
236 1571 394 1636 solennis⁴
410 1575 570 1636 memoria
585 1573 628 1636 de
643 1573 820 1650 dominica,
834 1582 868 1635 et
883 1574 926 1637 de
942 1574 1185 1636 resurrectione

206 1697 240 1766 (Ι
263 1693 360 1755 Feria
374 1694 413 1756 ii.
429 1695 472 1757 de
487 1693 668 1776 apostolis‚³
683 1693 804 1757 festum
820 1694 943 1757 minus⁶
957 1693 1093 1775 duplex.

206 1817 240 1886 (Ι
263 1812 360 1875 Feria
374 1813 426 1875 ,iii
442 1815 485 1876 de
501 1813 610 1876 seriis⁶
624 1813 762 1877 scilicet¹
775 1813 939 1877 Narrabo
985 1814 1091 1876 Missa
1104 1811 1322 1876 dominicalis

205 1937 240 2008 (Ι
262 1931 360 1995 Feria
375 1933 438 1996 iiii.
454 1934 497 1995 de
514 1933 639 1997 Sancta
655 1933 770 2010 Cruce,
786 1933 905 1997 festum
923 1934 1033 1996 minus
1049 1932 1184 2015 duplex.

205 2057 240 2128 (Ι
263 2053 360 2115 Feria
375 2074 413 2116 .v.
428 2054 471 2116 de
487 2053 572 2116 sesto
587 2053 659 2117 loci.

205 2178 239 2247 (Ι
262 2172 291 2235 F
291 2173 360 2235 eria
371 2174 421 2236 .vi.
433 2173 475 2235 de
487 2183 604 2237 sancta
621 2175 736 2236 Maria
767 2174 834 2238 Vbi
846 2172 929 2236 fiunt
941 2184 1008 2237 tres
1024 2173 1367 2247 commemorationes

160 2260 196 2320 in
212 2260 315 2322 tercia
330 2259 410 2322 feria
433 2260 489 2323 het
512 2281 578 2323 vna
600 2261 895 2324 commemoratio:
918 2271 952 2324 ct
975 2271 1053 2324 tunc
1077 2261 1302 2344 Responsoria
1324 2260 1367 2322 de

159 2344 213 2407 iii.
229 2344 320 2423 feria,
334 2357 369 2409 et
384 2348 426 2410 de
442 2368 505 2409 nn.
521 2347 611 2425 feria,
625 2348 913 2431 pretermittantur
927 2342 984 2410 illo
999 2367 1097 2410 anno.

206 2472 240 2541 (Ι
263 2466 422 2544 Sabbato‚
438 2468 481 2531 de
496 2477 613 2532 sancto
632 2469 645 2530 l
649 2469 782 2531 ohanne
798 2467 974 2550 apostolo,⁸
989 2467 1216 2532 inuitatorium
1233 2466 1365 2548 triplex.

160 2551 220 2615 Ad
236 2573 392 2636 vesperas
407 2554 450 2617 de
465 2556 641 2632 dominica,
651 2555 811 2618 memoria
826 2554 869 2617 de
878 2554 1033 2637 apostolo
1047 2578 1055 2633 ;
1078 2562 1112 2618 et
1128 2553 1187 2617 fiat
1201 2554 1368 2636 processio

157 2648 239 2702 ante
253 2660 393 2703 crucem.

338 2765 373 2836 (Ι
397 2761 575 2823 Dominica
589 2782 627 2823 .v.
643 2772 720 2843 post
743 2761 855 2835 Pasca,
873 2760 996 2825 totum⁹
1011 2762 1054 2824 de
1069 2760 1209 2824 seruicio
1224 2760 1366 2823 domini-

164 2806 284 2878 ΜΨ]
339 2845 412 2909 cali.
468 2847 540 2909 ¹⁰Et
561 2847 682 2910 festum
706 2849 812 2911 sancti
835 2848 992 2911 lohannis
1016 2846 1180 2912 beuerlaci
1196 2846 1367 2910 differatur

161 2930 195 2991 in
211 2929 428 2996 crastinum.¹¹
475 2934 514 2996 In
531 2934 684 2998 laudibus
700 2955 816 2997 omnes
832 2934 1016 3017 antiphone
1030 2936 1219 2999 dicuntur.¹²

205 3056 239 3125 (Ι
262 3052 359 3115 Feria
382 3053 422 3115 ii.
438 3054 480 3116 de
506 3065 623 3118 sancto
649 3054 799 3117 Iohanne
823 3054 997 3119 beuerlaco
1010 3077 1017 3131 ;
1040 3054 1090 3118 iii.
1107 3054 1265 3117 lectiones
1288 3073 1364 3115 cum

163 3137 323 3218 regimine
332 3138 422 3203 chori
436 3164 443 3203 :
459 3142 620 3204 memoria
629 3142 672 3205 de
683 3142 812 3217 ieiunio,
824 3140 1004 3204 versiculus
1015 3140 1194 3205 Surrexit¹⁸
1203 3140 1367 3204 Dominus

160 3222 200 3284 de
213 3225 360 3305 sepulcro,
376 3238 410 3289 et
426 3229 586 3291 memoria
600 3229 643 3291 de
659 3229 927 3292 resurrectione¹⁴

205 3348 239 3417 (Ι
263 3344 359 3409 Feria
373 3346 425 3409 iii.
440 3348 483 3410 de
498 3358 614 3411 sancta
630 3348 746 3413 Maria.

205 3467 240 3538 (Ι
262 3465 358 3527 Feria
383 3465 446 3530 .iiii.
470 3467 512 3530 de
543 3467 638 3530 seriis.
684 3468 909 3550 Responsoria
933 3468 976 3531 de
999 3468 1102 3530 tercia
1126 3467 1214 3543 feria,
1240 3465 1365 3530 scilicet

161 3547 344 3629 Hymnum,
372 3573 449 3615 cum
483 3555 613 3618 duobus
650 3554 874 3636 sequentibus.
904 3553 996 3617 nulla
1033 3554 1090 3617 fiet
1127 3555 1286 3616 memoria
1322 3553 1365 3615 de

161 3638 389 3718 martyribus¹³
404 3641 466 3703 nisi
483 3642 516 3703 in
533 3642 677 3724 vesperis
692 3651 726 3704 et
743 3641 913 3705 matutinis
929 3642 971 3705 de
986 3651 1103 3704 sancta
1120 3641 1234 3703 Maria.

204 3762 238 3831 (Ι
261 3756 358 3820 Feria
373 3781 411 3821 .v.
427 3759 469 3823 de
484 3758 691 3823 Ascensione
709 3761 856 3838 Domini,
871 3760 992 3824 lestum
1008 3759 1197 3843 principale.

194 4034 385 4098 ¹adt87,88.
908 4039 1107 4101 2ίίιῑτ87,88.

192 4099 204 4129 ⁸
219 4100 266 4152 SS.
281 4103 399 4168 Philippo
408 4111 434 4153 et
443 4104 543 4154 Iacobo.
905 4103 1001 4156 ⁴sola:
1018 4105 1067 4166 883
1084 4104 1147 4155 sol’:
1164 4105 1203 4166 87.

193 4164 204 4194 ⁸
220 4166 372 4230 iuferiusjer
381 4169 479 4218 minus:
497 4170 538 4231 87,
551 4168 593 4230 88,
605 4182 646 4231 97,
659 4183 699 4219 οι.

192 4229 204 4259 “
221 4230 288 4282 seriis
299 4232 469 4297 Responsoria
480 4235 511 4284 de
523 4236 548 4284 ii.
563 4236 639 4284 seria:
658 4234 698 4297 87,
712 4234 751 4284 88.
907 4233 918 4266 ⁷
934 4236 1005 4330 Ιῗίη
1012 4237 1084 4299 place
1094 4236 1125 4299 of
1133 4234 1226 4286 scilicet
1242 4254 1248 4284 :
1265 4248 1307 4297 97,
1319 4249 1360 4287 οι.

193 4296 205 4326 ⁸
220 4304 388 4361 anteponam
401 4299 511 4349 latinam.
629 4298 640 4330 ⁹
656 4311 726 4350 rota:
744 4300 783 4350 88.
901 4298 954 4337 ¹⁰-
965 4298 973 4330 ¹
989 4317 1036 4350 one.
1049 4319 1056 4349 ε
1074 4300 1115 4361 87,
1128 4300 1167 4350 88.

194 4359 216 4390 ¹²
231 4361 274 4411 Ad
285 4364 469 4426 prooessiouem
479 4374 537 4414 ante
549 4365 649 4415 missam
661 4368 731 4415 Sedit
740 4366 844 4430 angelus
854 4381 910 4415 cum
923 4382 1009 4414 versu:
1026 4368 1082 4414 adri.
1097 4378 1138 4426 97,
1150 4379 1191 4415 01.

193 4424 215 4455 ¹³
231 4428 395 4477 Resurrme:
413 4429 483 4487 false,
496 4429 537 4491 87,
550 4430 589 4479 88.
902 4429 923 4460 ¹⁴
939 4432 978 4481 Cf.
993 4434 1068 4480 Crede
1080 4431 1187 4490 Mittit*
1201 4441 1256 4495 145,
1270 4448 1294 4492 p.
1310 4444 1348 4493 70.

193 4490 214 4521 ¹⁵
229 4492 276 4543 SS.
291 4493 421 4543 Gordiano
432 4504 457 4544 et
470 4495 616 4559 Epimacho.
