<?xml version="1.0" encoding="UTF-8"?>
<!DOCTYPE html PUBLIC "-//W3C//DTD XHTML 1.0 Transitional//EN"
    "http://www.w3.org/TR/xhtml1/DTD/xhtml1-transitional.dtd">
<html xmlns="http://www.w3.org/1999/xhtml" xml:lang="en" lang="en">
 <head>
  <title>
</title>
<meta http-equiv="Content-Type" content="text/html;charset=utf-8" />
  <meta name='ocr-system' content='tesseract 3.04.00' />
  <meta name='ocr-capabilities' content='ocr_page ocr_carea ocr_par ocr_line ocrx_word'/>
</head>
<body>
  <div class='ocr_page' id='page_1' title='image "./ordinalesarvmsi00cathgoog_0376.png"; bbox 0 0 3326 5208; ppageno 0'>
   <div class='ocr_carea' id='block_1_1' title="bbox 637 474 1394 537">
    <p class='ocr_par' dir='ltr' id='par_1_1' title="bbox 637 474 1394 537">
     <span class='ocr_line' id='line_1_1' title="bbox 637 474 1394 537; baseline 0.004 -15"><span class='ocrx_word' id='word_1_1' title='bbox 637 474 799 525; x_wconf 72' lang='lat' dir='ltr'>Pnlrruu</span> <span class='ocrx_word' id='word_1_2' title='bbox 810 476 846 524; x_wconf 84' lang='lat' dir='ltr'>n.</span> <span class='ocrx_word' id='word_1_3' title='bbox 881 476 935 523; x_wconf 72' lang='lat' dir='ltr'>m:</span> <span class='ocrx_word' id='word_1_4' title='bbox 1346 474 1394 537; x_wconf 84' lang='lat'>267</span> 
     </span>
    </p>
   </div>
   <div class='ocr_carea' id='block_1_2' title="bbox 188 626 1249 705">
    <p class='ocr_par' dir='ltr' id='par_1_2' title="bbox 188 626 1249 705">
     <span class='ocr_line' id='line_1_2' title="bbox 188 626 1249 705; baseline 0.005 -18"><span class='ocrx_word' id='word_1_5' title='bbox 188 635 288 689; x_wconf 83' lang='lat' dir='ltr'>March</span> <span class='ocrx_word' id='word_1_6' title='bbox 304 631 356 705; x_wconf 81' lang='lat'><strong>15.]</strong></span> <span class='ocrx_word' id='word_1_7' title='bbox 370 627 404 697; x_wconf 65' lang='lat' dir='ltr'>ll</span> <span class='ocrx_word' id='word_1_8' title='bbox 429 626 608 689; x_wconf 88' lang='lat' dir='ltr'>Dominica</span> <span class='ocrx_word' id='word_1_9' title='bbox 623 627 655 689; x_wconf 93' lang='lat' dir='ltr'>in</span> <span class='ocrx_word' id='word_1_10' title='bbox 672 628 772 690; x_wconf 88' lang='lat' dir='ltr'>ramis</span> <span class='ocrx_word' id='word_1_11' title='bbox 789 627 988 703; x_wconf 88' lang='lat' dir='ltr'>Palmarum,</span> <span class='ocrx_word' id='word_1_12' title='bbox 1003 628 1059 691; x_wconf 88' lang='lat' dir='ltr'>de¹</span> <span class='ocrx_word' id='word_1_13' title='bbox 1075 627 1249 692; x_wconf 84' lang='lat' dir='ltr'>dominica</span> 
     </span>
    </p>
   </div>
   <div class='ocr_carea' id='block_1_3' title="bbox 187 738 1394 891">
    <p class='ocr_par' dir='ltr' id='par_1_3' title="bbox 187 738 1394 891">
     <span class='ocr_line' id='line_1_3' title="bbox 188 738 1394 839; baseline -0.001 -36"><span class='ocrx_word' id='word_1_14' title='bbox 188 827 196 839; x_wconf 92' lang='lat'><strong>.</strong></span> <span class='ocrx_word' id='word_1_15' title='bbox 230 738 278 821; x_wconf 91' lang='lat' dir='ltr'>[m</span> <span class='ocrx_word' id='word_1_16' title='bbox 295 740 359 822; x_wconf 84' lang='lat' dir='ltr'>iii]</span> <span class='ocrx_word' id='word_1_17' title='bbox 403 745 437 815; x_wconf 98' lang='grc'>11</span> <span class='ocrx_word' id='word_1_18' title='bbox 461 740 559 802; x_wconf 89' lang='lat' dir='ltr'>Feria</span> <span class='ocrx_word' id='word_1_19' title='bbox 584 740 633 816; x_wconf 87' lang='lat' dir='ltr'>.ii.,</span> <span class='ocrx_word' id='word_1_20' title='bbox 656 750 691 802; x_wconf 99' lang='lat' dir='ltr'>et</span> <span class='ocrx_word' id='word_1_21' title='bbox 720 740 837 803; x_wconf 90' lang='lat' dir='ltr'>ceteris</span> <span class='ocrx_word' id='word_1_22' title='bbox 867 739 956 802; x_wconf 89' lang='lat' dir='ltr'>seriis</span> <span class='ocrx_word' id='word_1_23' title='bbox 985 760 1045 822; x_wconf 90' lang='lat' dir='ltr'>per</span> <span class='ocrx_word' id='word_1_24' title='bbox 1067 739 1325 816; x_wconf 83' lang='lat' dir='ltr'>hebdomadam,</span> <span class='ocrx_word' id='word_1_25' title='bbox 1351 741 1394 803; x_wconf 91' lang='lat' dir='ltr'>de</span> 
     </span>
     <span class='ocr_line' id='line_1_4' title="bbox 187 847 315 891; baseline 0.016 -2"><span class='ocrx_word' id='word_1_26' title='bbox 187 847 315 891; x_wconf 83' lang='lat' dir='ltr'>rerumo.</span> 
     </span>
    </p>
   </div>
   <div class='ocr_carea' id='block_1_4' title="bbox 185 937 1394 1089">
    <p class='ocr_par' dir='ltr' id='par_1_4' title="bbox 185 937 1394 1089">
     <span class='ocr_line' id='line_1_5' title="bbox 228 937 1394 1015; baseline 0 -13"><span class='ocrx_word' id='word_1_27' title='bbox 228 944 262 1014; x_wconf 95' lang='grc'>11</span> <span class='ocrx_word' id='word_1_28' title='bbox 287 941 400 1004; x_wconf 81' lang='lat' dir='ltr'>Festa¹</span> <span class='ocrx_word' id='word_1_29' title='bbox 423 950 612 1002; x_wconf 84' lang='lat' dir='ltr'>sanctorum</span> <span class='ocrx_word' id='word_1_30' title='bbox 638 938 804 1015; x_wconf 86' lang='lat' dir='ltr'>Edwardi,</span> <span class='ocrx_word' id='word_1_31' title='bbox 822 937 1008 1015; x_wconf 87' lang='lat' dir='ltr'>Cuthberti,</span> <span class='ocrx_word' id='word_1_32' title='bbox 1022 948 1057 1002; x_wconf 88' lang='lat' dir='ltr'>et</span> <span class='ocrx_word' id='word_1_33' title='bbox 1082 939 1253 1003; x_wconf 87' lang='lat' dir='ltr'>Benedicti</span> <span class='ocrx_word' id='word_1_34' title='bbox 1284 939 1394 1003; x_wconf 85' lang='lat' dir='ltr'>difler-</span> 
     </span>
     <span class='ocr_line' id='line_1_6' title="bbox 185 1026 753 1089; baseline 0 -2"><span class='ocrx_word' id='word_1_35' title='bbox 185 1028 295 1089; x_wconf 81' lang='lat' dir='ltr'>antur³</span> <span class='ocrx_word' id='word_1_36' title='bbox 310 1027 353 1088; x_wconf 88' lang='lat' dir='ltr'>ad</span> <span class='ocrx_word' id='word_1_37' title='bbox 370 1026 602 1089; x_wconf 86' lang='lat' dir='ltr'>translationes</span> <span class='ocrx_word' id='word_1_38' title='bbox 617 1029 753 1089; x_wconf 86' lang='lat' dir='ltr'>eorum.⁴</span> 
     </span>
    </p>
   </div>
   <div class='ocr_carea' id='block_1_5' title="bbox 184 1138 1394 1396">
    <p class='ocr_par' dir='ltr' id='par_1_5' title="bbox 184 1138 1394 1396">
     <span class='ocr_line' id='line_1_7' title="bbox 227 1138 1394 1221; baseline -0.001 -20"><span class='ocrx_word' id='word_1_39' title='bbox 227 1144 261 1214; x_wconf 94' lang='grc'>11</span> <span class='ocrx_word' id='word_1_40' title='bbox 285 1139 313 1201; x_wconf 92' lang='lat' dir='ltr'>F</span> <span class='ocrx_word' id='word_1_41' title='bbox 314 1140 381 1201; x_wconf 84' lang='lat' dir='ltr'>eria</span> <span class='ocrx_word' id='word_1_42' title='bbox 396 1140 447 1202; x_wconf 81' lang='lat' dir='ltr'>‚iii</span> <span class='ocrx_word' id='word_1_43' title='bbox 464 1139 615 1201; x_wconf 85' lang='lat' dir='ltr'>dicautur</span> <span class='ocrx_word' id='word_1_44' title='bbox 631 1138 786 1221; x_wconf 86' lang='lat' dir='ltr'>Exequie</span> <span class='ocrx_word' id='word_1_45' title='bbox 802 1138 1013 1201; x_wconf 92' lang='lat' dir='ltr'>Mortuorum</span> <span class='ocrx_word' id='word_1_46' title='bbox 1028 1158 1104 1201; x_wconf 90' lang='lat' dir='ltr'>cum</span> <span class='ocrx_word' id='word_1_47' title='bbox 1129 1139 1173 1202; x_wconf 84' lang='lat' dir='ltr'>ix.</span> <span class='ocrx_word' id='word_1_48' title='bbox 1197 1138 1394 1201; x_wconf 87' lang='lat' dir='ltr'>lectionibus</span> 
     </span>
     <span class='ocr_line' id='line_1_8' title="bbox 185 1224 1394 1310; baseline -0.001 -22"><span class='ocrx_word' id='word_1_49' title='bbox 185 1235 219 1288; x_wconf 95' lang='lat' dir='ltr'>et</span> <span class='ocrx_word' id='word_1_50' title='bbox 236 1226 336 1289; x_wconf 88' lang='lat' dir='ltr'>missa</span> <span class='ocrx_word' id='word_1_51' title='bbox 351 1226 384 1288; x_wconf 91' lang='lat' dir='ltr'>in</span> <span class='ocrx_word' id='word_1_52' title='bbox 400 1226 552 1289; x_wconf 87' lang='lat' dir='ltr'>crastino.</span> <span class='ocrx_word' id='word_1_53' title='bbox 597 1225 801 1310; x_wconf 87' lang='lat' dir='ltr'>Quotidiane</span> <span class='ocrx_word' id='word_1_54' title='bbox 816 1225 959 1308; x_wconf 87' lang='lat' dir='ltr'>exequie</span> <span class='ocrx_word' id='word_1_55' title='bbox 974 1225 1130 1307; x_wconf 88' lang='lat' dir='ltr'>deinceps</span> <span class='ocrx_word' id='word_1_56' title='bbox 1150 1245 1216 1288; x_wconf 90' lang='lat' dir='ltr'>non</span> <span class='ocrx_word' id='word_1_57' title='bbox 1240 1224 1394 1288; x_wconf 92' lang='lat' dir='ltr'>dicuntur</span> 
     </span>
     <span class='ocr_line' id='line_1_9' title="bbox 184 1312 835 1396; baseline 0.005 -23"><span class='ocrx_word' id='word_1_58' title='bbox 184 1313 217 1374; x_wconf 93' lang='lat' dir='ltr'>in</span> <span class='ocrx_word' id='word_1_59' title='bbox 233 1325 400 1377; x_wconf 92' lang='lat' dir='ltr'>conuentu</span> <span class='ocrx_word' id='word_1_60' title='bbox 415 1333 520 1396; x_wconf 89' lang='lat' dir='ltr'>vsque</span> <span class='ocrx_word' id='word_1_61' title='bbox 534 1324 611 1396; x_wconf 90' lang='lat' dir='ltr'>post</span> <span class='ocrx_word' id='word_1_62' title='bbox 627 1312 835 1376; x_wconf 86' lang='lat' dir='ltr'>Trinitatem.</span> 
     </span>
    </p>
   </div>
   <div class='ocr_carea' id='block_1_6' title="bbox 376 1423 1394 1576">
    <p class='ocr_par' dir='ltr' id='par_1_6' title="bbox 376 1423 1394 1576">
     <span class='ocr_line' id='line_1_10' title="bbox 376 1423 1394 1575; baseline -0.002 -87"><span class='ocrx_word' id='word_1_63' title='bbox 376 1431 410 1525; x_wconf 84' lang='grc'>11</span> <span class='ocrx_word' id='word_1_64' title='bbox 434 1426 640 1575; x_wconf 65' lang='lat' dir='ltr'>Diessancto</span> <span class='ocrx_word' id='word_1_65' title='bbox 664 1425 775 1502; x_wconf 91' lang='lat' dir='ltr'>Pasce,</span> <span class='ocrx_word' id='word_1_66' title='bbox 794 1433 829 1487; x_wconf 92' lang='lat' dir='ltr'>et</span> <span class='ocrx_word' id='word_1_67' title='bbox 852 1445 910 1506; x_wconf 91' lang='lat' dir='ltr'>per</span> <span class='ocrx_word' id='word_1_68' title='bbox 932 1423 1191 1502; x_wconf 86' lang='lat' dir='ltr'>hebdomadam,</span> <span class='ocrx_word' id='word_1_69' title='bbox 1216 1425 1260 1488; x_wconf 90' lang='lat' dir='ltr'>de</span> <span class='ocrx_word' id='word_1_70' title='bbox 1286 1424 1394 1487; x_wconf 91' lang='lat' dir='ltr'>solen-</span> 
     </span>
     <span class='ocr_line' id='line_1_11' title="bbox 378 1522 582 1576; baseline 0.01 -2"><span class='ocrx_word' id='word_1_71' title='bbox 378 1522 482 1576; x_wconf 83' lang='lat' dir='ltr'>nitate</span> <span class='ocrx_word' id='word_1_72' title='bbox 511 1524 582 1576; x_wconf 79' lang='lat' dir='ltr'>esti.</span> 
     </span>
    </p>
   </div>
   <div class='ocr_carea' id='block_1_7' title="bbox 185 1622 1393 1794">
    <p class='ocr_par' dir='ltr' id='par_1_7' title="bbox 185 1622 1393 1794">
     <span class='ocr_line' id='line_1_12' title="bbox 227 1622 1393 1704; baseline -0.002 -17"><span class='ocrx_word' id='word_1_73' title='bbox 227 1628 261 1698; x_wconf 98' lang='grc'>11</span> <span class='ocrx_word' id='word_1_74' title='bbox 286 1624 423 1687; x_wconf 90' lang='lat' dir='ltr'>Festum</span> <span class='ocrx_word' id='word_1_75' title='bbox 454 1624 734 1687; x_wconf 86' lang='lat' dir='ltr'>Annunciationis</span> <span class='ocrx_word' id='word_1_76' title='bbox 764 1624 861 1687; x_wconf 88' lang='lat' dir='ltr'>beate</span> <span class='ocrx_word' id='word_1_77' title='bbox 892 1624 999 1686; x_wconf 88' lang='lat' dir='ltr'>Marie</span> <span class='ocrx_word' id='word_1_78' title='bbox 1023 1622 1195 1686; x_wconf 84' lang='lat' dir='ltr'>differatur</span> <span class='ocrx_word' id='word_1_79' title='bbox 1217 1643 1322 1704; x_wconf 87' lang='lat' dir='ltr'>vsque</span> <span class='ocrx_word' id='word_1_80' title='bbox 1347 1623 1393 1685; x_wconf 67' lang='lat' dir='ltr'>ins</span> 
     </span>
     <span class='ocr_line' id='line_1_13' title="bbox 185 1710 705 1794; baseline 0.004 -21"><span class='ocrx_word' id='word_1_81' title='bbox 185 1710 236 1773; x_wconf 88' lang='lat' dir='ltr'>.iii.</span> <span class='ocrx_word' id='word_1_82' title='bbox 254 1711 334 1773; x_wconf 84' lang='lat' dir='ltr'>seria</span> <span class='ocrx_word' id='word_1_83' title='bbox 348 1723 427 1794; x_wconf 93' lang='lat' dir='ltr'>post</span> <span class='ocrx_word' id='word_1_84' title='bbox 441 1721 578 1775; x_wconf 86' lang='lat' dir='ltr'>octauas</span> <span class='ocrx_word' id='word_1_85' title='bbox 596 1710 705 1775; x_wconf 90' lang='lat' dir='ltr'>Pasce.</span> 
     </span>
    </p>
   </div>
   <div class='ocr_carea' id='block_1_8' title="bbox 187 1821 1394 2079">
    <p class='ocr_par' dir='ltr' id='par_1_8' title="bbox 187 1821 1394 2079">
     <span class='ocr_line' id='line_1_14' title="bbox 229 1821 1393 1906; baseline -0.002 -20"><span class='ocrx_word' id='word_1_86' title='bbox 229 1827 263 1897; x_wconf 93' lang='grc'>11</span> <span class='ocrx_word' id='word_1_87' title='bbox 287 1823 340 1886; x_wconf 90' lang='lat' dir='ltr'>De</span> <span class='ocrx_word' id='word_1_88' title='bbox 371 1843 570 1906; x_wconf 90' lang='lat' dir='ltr'>quocunque</span> <span class='ocrx_word' id='word_1_89' title='bbox 601 1823 687 1886; x_wconf 83' lang='lat' dir='ltr'>festo</span> <span class='ocrx_word' id='word_1_90' title='bbox 717 1821 776 1886; x_wconf 89' lang='lat' dir='ltr'>fiat</span> <span class='ocrx_word' id='word_1_91' title='bbox 805 1822 981 1886; x_wconf 91' lang='lat' dir='ltr'>seruicium</span> <span class='ocrx_word' id='word_1_92' title='bbox 1013 1823 1046 1884; x_wconf 91' lang='lat' dir='ltr'>in</span> <span class='ocrx_word' id='word_1_93' title='bbox 1075 1822 1251 1886; x_wconf 86' lang='lat' dir='ltr'>dominicis</span> <span class='ocrx_word' id='word_1_94' title='bbox 1275 1821 1393 1886; x_wconf 89' lang='lat' dir='ltr'>diebus</span> 
     </span>
     <span class='ocr_line' id='line_1_15' title="bbox 187 1907 1394 1992; baseline 0.001 -22"><span class='ocrx_word' id='word_1_95' title='bbox 187 1930 290 1991; x_wconf 91' lang='lat' dir='ltr'>vsque</span> <span class='ocrx_word' id='word_1_96' title='bbox 306 1910 349 1973; x_wconf 93' lang='lat' dir='ltr'>ad</span> <span class='ocrx_word' id='word_1_97' title='bbox 366 1910 607 1974; x_wconf 89' lang='lat' dir='ltr'>Ascensionem</span> <span class='ocrx_word' id='word_1_98' title='bbox 624 1911 772 1986; x_wconf 89' lang='lat' dir='ltr'>Domini,</span> <span class='ocrx_word' id='word_1_99' title='bbox 786 1930 920 1992; x_wconf 86' lang='lat' dir='ltr'>semper</span> <span class='ocrx_word' id='word_1_100' title='bbox 935 1907 993 1973; x_wconf 91' lang='lat' dir='ltr'>fiat</span> <span class='ocrx_word' id='word_1_101' title='bbox 1008 1909 1153 1972; x_wconf 87' lang='lat' dir='ltr'>solennis</span> <span class='ocrx_word' id='word_1_102' title='bbox 1168 1910 1329 1972; x_wconf 89' lang='lat' dir='ltr'>memoria</span> <span class='ocrx_word' id='word_1_103' title='bbox 1351 1910 1394 1971; x_wconf 90' lang='lat' dir='ltr'>de</span> 
     </span>
     <span class='ocr_line' id='line_1_16' title="bbox 187 1996 1335 2079; baseline -0.001 -19"><span class='ocrx_word' id='word_1_104' title='bbox 187 1997 354 2060; x_wconf 91' lang='lat' dir='ltr'>dominica</span> <span class='ocrx_word' id='word_1_105' title='bbox 369 1997 412 2060; x_wconf 94' lang='lat' dir='ltr'>ad</span> <span class='ocrx_word' id='word_1_106' title='bbox 428 2017 583 2079; x_wconf 87' lang='lat' dir='ltr'>vesperas</span> <span class='ocrx_word' id='word_1_107' title='bbox 598 2002 645 2061; x_wconf 72' lang='lat' dir='ltr'>etl</span> <span class='ocrx_word' id='word_1_108' title='bbox 662 1998 852 2073; x_wconf 66' lang='lat' dir='ltr'>matutinas</span> <span class='ocrx_word' id='word_1_109' title='bbox 867 1997 926 2059; x_wconf 90' lang='lat' dir='ltr'>sed</span> <span class='ocrx_word' id='word_1_110' title='bbox 943 2016 1115 2078; x_wconf 90' lang='lat' dir='ltr'>nunquam</span> <span class='ocrx_word' id='word_1_111' title='bbox 1130 1996 1174 2059; x_wconf 84' lang='lat' dir='ltr'>ad</span> <span class='ocrx_word' id='word_1_112' title='bbox 1191 1997 1335 2059; x_wconf 89' lang='lat' dir='ltr'>missam.</span> 
     </span>
    </p>
   </div>
   <div class='ocr_carea' id='block_1_9' title="bbox 188 2107 1393 2365">
    <p class='ocr_par' dir='ltr' id='par_1_9' title="bbox 188 2107 1393 2365">
     <span class='ocr_line' id='line_1_17' title="bbox 229 2107 1392 2190; baseline -0.003 -17"><span class='ocrx_word' id='word_1_113' title='bbox 229 2108 453 2184; x_wconf 56' lang='lat' dir='ltr'>[Omnibus</span> <span class='ocrx_word' id='word_1_114' title='bbox 483 2110 575 2174; x_wconf 85' lang='lat' dir='ltr'>sestis</span> <span class='ocrx_word' id='word_1_115' title='bbox 608 2130 685 2172; x_wconf 92' lang='lat' dir='ltr'>cum</span> <span class='ocrx_word' id='word_1_116' title='bbox 719 2109 879 2190; x_wconf 81' lang='lat' dir='ltr'>regimine</span> <span class='ocrx_word' id='word_1_117' title='bbox 912 2108 1004 2171; x_wconf 90' lang='lat' dir='ltr'>chori</span> <span class='ocrx_word' id='word_1_118' title='bbox 1037 2129 1142 2190; x_wconf 78' lang='lat' dir='ltr'>usque</span> <span class='ocrx_word' id='word_1_119' title='bbox 1171 2108 1214 2172; x_wconf 91' lang='lat' dir='ltr'>ad</span> <span class='ocrx_word' id='word_1_120' title='bbox 1246 2107 1392 2189; x_wconf 82' lang='lat' dir='ltr'>vigiliam</span> 
     </span>
     <span class='ocr_line' id='line_1_18' title="bbox 188 2195 1393 2274; baseline 0 -17"><span class='ocrx_word' id='word_1_121' title='bbox 188 2195 402 2259; x_wconf 85' lang='lat' dir='ltr'>Ascensionis</span> <span class='ocrx_word' id='word_1_122' title='bbox 431 2197 611 2274; x_wconf 89' lang='lat' dir='ltr'>exclusiue,</span> <span class='ocrx_word' id='word_1_123' title='bbox 642 2196 700 2260; x_wconf 84' lang='lat' dir='ltr'>liat</span> <span class='ocrx_word' id='word_1_124' title='bbox 726 2196 872 2260; x_wconf 90' lang='lat' dir='ltr'>solennis</span> <span class='ocrx_word' id='word_1_125' title='bbox 897 2195 1057 2258; x_wconf 88' lang='lat' dir='ltr'>memoria</span> <span class='ocrx_word' id='word_1_126' title='bbox 1081 2196 1124 2258; x_wconf 93' lang='lat' dir='ltr'>de</span> <span class='ocrx_word' id='word_1_127' title='bbox 1149 2195 1393 2271; x_wconf 90' lang='lat' dir='ltr'>resurrectione,</span> 
     </span>
     <span class='ocr_line' id='line_1_19' title="bbox 189 2281 1309 2365; baseline 0 -20"><span class='ocrx_word' id='word_1_128' title='bbox 189 2283 261 2345; x_wconf 91' lang='lat' dir='ltr'>Nisi</span> <span class='ocrx_word' id='word_1_129' title='bbox 278 2285 311 2346; x_wconf 93' lang='lat' dir='ltr'>in</span> <span class='ocrx_word' id='word_1_130' title='bbox 331 2284 528 2347; x_wconf 87' lang='lat' dir='ltr'>inuentione</span> <span class='ocrx_word' id='word_1_131' title='bbox 545 2284 668 2349; x_wconf 88' lang='lat' dir='ltr'>Sancte</span> <span class='ocrx_word' id='word_1_132' title='bbox 684 2283 807 2359; x_wconf 89' lang='lat' dir='ltr'>Crucis,</span> <span class='ocrx_word' id='word_1_133' title='bbox 822 2292 857 2346; x_wconf 90' lang='lat' dir='ltr'>et</span> <span class='ocrx_word' id='word_1_134' title='bbox 872 2283 905 2345; x_wconf 90' lang='lat' dir='ltr'>in</span> <span class='ocrx_word' id='word_1_135' title='bbox 922 2281 1071 2346; x_wconf 89' lang='lat' dir='ltr'>sabbatis</span> <span class='ocrx_word' id='word_1_136' title='bbox 1086 2284 1128 2345; x_wconf 88' lang='lat' dir='ltr'>ad</span> <span class='ocrx_word' id='word_1_137' title='bbox 1145 2302 1309 2365; x_wconf 90' lang='lat' dir='ltr'>vesperas.</span> 
     </span>
    </p>
   </div>
   <div class='ocr_carea' id='block_1_10' title="bbox 376 2394 1397 2565">
    <p class='ocr_par' dir='ltr' id='par_1_10' title="bbox 376 2394 1397 2565">
     <span class='ocr_line' id='line_1_20' title="bbox 376 2394 1394 2478; baseline -0.004 -19"><span class='ocrx_word' id='word_1_138' title='bbox 376 2402 412 2471; x_wconf 94' lang='grc'>11</span> <span class='ocrx_word' id='word_1_139' title='bbox 435 2395 613 2460; x_wconf 89' lang='lat' dir='ltr'>Dominica</span> <span class='ocrx_word' id='word_1_140' title='bbox 653 2395 701 2478; x_wconf 89' lang='lat' dir='ltr'>(in</span> <span class='ocrx_word' id='word_1_141' title='bbox 732 2396 840 2476; x_wconf 87' lang='lat' dir='ltr'>albis),</span> <span class='ocrx_word' id='word_1_142' title='bbox 877 2395 984 2477; x_wconf 87' lang='lat' dir='ltr'>prima</span> <span class='ocrx_word' id='word_1_143' title='bbox 1016 2404 1093 2477; x_wconf 89' lang='lat' dir='ltr'>post</span> <span class='ocrx_word' id='word_1_144' title='bbox 1124 2395 1246 2457; x_wconf 88' lang='lat' dir='ltr'>Pasca:</span> <span class='ocrx_word' id='word_1_145' title='bbox 1285 2394 1394 2457; x_wconf 91' lang='lat' dir='ltr'>minus</span> 
     </span>
     <span class='ocr_line' id='line_1_21' title="bbox 379 2480 1397 2565; baseline -0.005 -19"><span class='ocrx_word' id='word_1_146' title='bbox 379 2483 527 2565; x_wconf 85' lang='lat' dir='ltr'>duplex:</span> <span class='ocrx_word' id='word_1_147' title='bbox 550 2484 592 2546; x_wconf 92' lang='lat' dir='ltr'>de</span> <span class='ocrx_word' id='word_1_148' title='bbox 622 2484 763 2546; x_wconf 91' lang='lat' dir='ltr'>seruicio</span> <span class='ocrx_word' id='word_1_149' title='bbox 777 2484 918 2546; x_wconf 67' lang='lat' dir='ltr'>octaue.l</span> <span class='ocrx_word' id='word_1_150' title='bbox 965 2480 1042 2544; x_wconf 93' lang='lat' dir='ltr'>Non</span> <span class='ocrx_word' id='word_1_151' title='bbox 1058 2482 1179 2553; x_wconf 85' lang='lat' dir='ltr'>dicitur</span> <span class='ocrx_word' id='word_1_152' title='bbox 1201 2481 1314 2563; x_wconf 84' lang='lat' dir='ltr'>(Deus,</span> <span class='ocrx_word' id='word_1_153' title='bbox 1337 2481 1397 2563; x_wconf 82' lang='lat' dir='ltr'>qui</span> 
     </span>
    </p>
   </div>
   <div class='ocr_carea' id='block_1_11' title="bbox 187 1472 362 1545">
    <p class='ocr_par' dir='ltr' id='par_1_11' title="bbox 187 1472 362 1545">
     <span class='ocr_line' id='line_1_22' title="bbox 187 1472 362 1545; baseline 0.006 -17"><span class='ocrx_word' id='word_1_154' title='bbox 187 1476 288 1529; x_wconf 87' lang='lat' dir='ltr'>March</span> <span class='ocrx_word' id='word_1_155' title='bbox 307 1472 362 1545; x_wconf 75' lang='lat' dir='ltr'>za]</span> 
     </span>
    </p>
   </div>
   <div class='ocr_carea' id='block_1_12' title="bbox 188 2443 363 2516">
    <p class='ocr_par' dir='ltr' id='par_1_12' title="bbox 188 2443 363 2516">
     <span class='ocr_line' id='line_1_23' title="bbox 188 2443 363 2516; baseline 0.006 -18"><span class='ocrx_word' id='word_1_156' title='bbox 188 2446 289 2499; x_wconf 87' lang='lat' dir='ltr'>March</span> <span class='ocrx_word' id='word_1_157' title='bbox 308 2443 363 2516; x_wconf 89' lang='lat'>29.]</span> 
     </span>
    </p>
   </div>
   <div class='ocr_carea' id='block_1_13' title="bbox 186 2565 1020 2653">
    <p class='ocr_par' dir='ltr' id='par_1_13' title="bbox 186 2565 1020 2653">
     <span class='ocr_line' id='line_1_24' title="bbox 186 2565 1020 2653; baseline 0.007 -26"><span class='ocrx_word' id='word_1_158' title='bbox 186 2565 343 2631; x_wconf 72' lang='lat' dir='ltr'>liodt&#39;erna</span> <span class='ocrx_word' id='word_1_159' title='bbox 357 2569 433 2651; x_wconf 63' lang='lat' dir='ltr'>dte),</span> <span class='ocrx_word' id='word_1_160' title='bbox 448 2570 506 2634; x_wconf 90' lang='lat' dir='ltr'>sed</span> <span class='ocrx_word' id='word_1_161' title='bbox 524 2571 637 2653; x_wconf 82' lang='lat' dir='ltr'>(Deus,</span> <span class='ocrx_word' id='word_1_162' title='bbox 652 2569 781 2652; x_wconf 76' lang='lat' dir='ltr'>quiper</span> <span class='ocrx_word' id='word_1_163' title='bbox 793 2570 1020 2652; x_wconf 54' lang='lat' dir='ltr'>umgenitum).</span> 
     </span>
    </p>
   </div>
   <div class='ocr_carea' id='block_1_14' title="bbox 186 2679 1396 2832">
    <p class='ocr_par' dir='ltr' id='par_1_14' title="bbox 186 2679 1396 2832">
     <span class='ocr_line' id='line_1_25' title="bbox 186 2679 1396 2829; baseline -0.001 -87"><span class='ocrx_word' id='word_1_164' title='bbox 186 2685 263 2829; x_wconf 61' lang='lat' dir='ltr'>dcl</span> <span class='ocrx_word' id='word_1_165' title='bbox 288 2681 384 2744; x_wconf 86' lang='lat' dir='ltr'>Feria</span> <span class='ocrx_word' id='word_1_166' title='bbox 413 2684 452 2746; x_wconf 83' lang='lat' dir='ltr'>ii.</span> <span class='ocrx_word' id='word_1_167' title='bbox 483 2684 525 2746; x_wconf 94' lang='lat' dir='ltr'>de</span> <span class='ocrx_word' id='word_1_168' title='bbox 564 2683 650 2746; x_wconf 83' lang='lat' dir='ltr'>feria</span> <span class='ocrx_word' id='word_1_169' title='bbox 720 2682 982 2763; x_wconf 90' lang='lat' dir='ltr'>Responsorium</span> <span class='ocrx_word' id='word_1_170' title='bbox 1019 2680 1155 2764; x_wconf 58' lang='lat' dir='ltr'>Dignus</span> <span class='ocrx_word' id='word_1_171' title='bbox 1189 2701 1229 2743; x_wconf 82' lang='lat' dir='ltr'>es.</span> <span class='ocrx_word' id='word_1_172' title='bbox 1290 2679 1396 2742; x_wconf 84' lang='lat' dir='ltr'>Missa</span> 
     </span>
     <span class='ocr_line' id='line_1_26' title="bbox 210 2768 402 2832; baseline 0.005 -2"><span class='ocrx_word' id='word_1_173' title='bbox 210 2768 402 2832; x_wconf 84' lang='lat' dir='ltr'>ominicalis.</span> 
     </span>
    </p>
   </div>
   <div class='ocr_carea' id='block_1_15' title="bbox 186 2877 1395 3206">
    <p class='ocr_par' dir='ltr' id='par_1_15' title="bbox 186 2877 1395 3206">
     <span class='ocr_line' id='line_1_27' title="bbox 227 2877 1393 2961; baseline -0.003 -18"><span class='ocrx_word' id='word_1_174' title='bbox 227 2885 263 2954; x_wconf 94' lang='grc'>11</span> <span class='ocrx_word' id='word_1_175' title='bbox 287 2880 384 2943; x_wconf 89' lang='lat' dir='ltr'>Feria</span> <span class='ocrx_word' id='word_1_176' title='bbox 409 2881 458 2944; x_wconf 82' lang='lat' dir='ltr'>iii.</span> <span class='ocrx_word' id='word_1_177' title='bbox 496 2880 618 2945; x_wconf 82' lang='lat' dir='ltr'>festum</span> <span class='ocrx_word' id='word_1_178' title='bbox 656 2881 956 2945; x_wconf 85' lang='lat' dir='ltr'>Annunciationis:</span> <span class='ocrx_word' id='word_1_179' title='bbox 1001 2881 1110 2943; x_wconf 87' lang='lat' dir='ltr'>minus</span> <span class='ocrx_word' id='word_1_180' title='bbox 1146 2879 1295 2961; x_wconf 85' lang='lat' dir='ltr'>duplex:</span> <span class='ocrx_word' id='word_1_181' title='bbox 1337 2877 1393 2939; x_wconf 85' lang='lat' dir='ltr'>Ad</span> 
     </span>
     <span class='ocr_line' id='line_1_28' title="bbox 187 2965 1395 3052; baseline -0.002 -24"><span class='ocrx_word' id='word_1_182' title='bbox 187 2976 344 3048; x_wconf 86' lang='lat' dir='ltr'>utrasque</span> <span class='ocrx_word' id='word_1_183' title='bbox 367 2989 532 3052; x_wconf 85' lang='lat' dir='ltr'>vesperas,</span> <span class='ocrx_word' id='word_1_184' title='bbox 555 2980 590 3032; x_wconf 87' lang='lat' dir='ltr'>et</span> <span class='ocrx_word' id='word_1_185' title='bbox 614 2971 657 3032; x_wconf 90' lang='lat' dir='ltr'>ad</span> <span class='ocrx_word' id='word_1_186' title='bbox 689 2970 879 3044; x_wconf 69' lang='lat' dir='ltr'>matutinas</span> <span class='ocrx_word' id='word_1_187' title='bbox 902 2967 960 3031; x_wconf 89' lang='lat' dir='ltr'>liat</span> <span class='ocrx_word' id='word_1_188' title='bbox 990 2967 1136 3030; x_wconf 86' lang='lat' dir='ltr'>solennis</span> <span class='ocrx_word' id='word_1_189' title='bbox 1171 2965 1330 3029; x_wconf 88' lang='lat' dir='ltr'>memoria</span> <span class='ocrx_word' id='word_1_190' title='bbox 1351 2965 1395 3026; x_wconf 91' lang='lat' dir='ltr'>de</span> 
     </span>
     <span class='ocr_line' id='line_1_29' title="bbox 186 3052 1395 3138; baseline -0.002 -23"><span class='ocrx_word' id='word_1_191' title='bbox 186 3056 433 3118; x_wconf 88' lang='lat' dir='ltr'>resurrectione.</span> <span class='ocrx_word' id='word_1_192' title='bbox 490 3055 658 3121; x_wconf 78' lang='lat' dir='ltr'>Secunde⁸</span> <span class='ocrx_word' id='word_1_193' title='bbox 690 3076 827 3138; x_wconf 89' lang='lat' dir='ltr'>vespere</span> <span class='ocrx_word' id='word_1_194' title='bbox 860 3065 957 3117; x_wconf 86' lang='lat' dir='ltr'>erunt</span> <span class='ocrx_word' id='word_1_195' title='bbox 987 3055 1030 3117; x_wconf 90' lang='lat' dir='ltr'>de</span> <span class='ocrx_word' id='word_1_196' title='bbox 1060 3053 1154 3129; x_wconf 77' lang='lat' dir='ltr'>festu,</span> <span class='ocrx_word' id='word_1_197' title='bbox 1184 3064 1219 3116; x_wconf 91' lang='lat' dir='ltr'>et</span> <span class='ocrx_word' id='word_1_198' title='bbox 1248 3052 1395 3115; x_wconf 88' lang='lat' dir='ltr'>solennis</span> 
     </span>
     <span class='ocr_line' id='line_1_30' title="bbox 188 3141 595 3206; baseline 0.007 -3"><span class='ocrx_word' id='word_1_199' title='bbox 188 3142 349 3204; x_wconf 89' lang='lat' dir='ltr'>memoria</span> <span class='ocrx_word' id='word_1_200' title='bbox 365 3141 407 3205; x_wconf 92' lang='lat' dir='ltr'>de</span> <span class='ocrx_word' id='word_1_201' title='bbox 423 3141 508 3206; x_wconf 81' lang='lat' dir='ltr'>sesto</span> <span class='ocrx_word' id='word_1_202' title='bbox 525 3142 595 3206; x_wconf 91' lang='lat' dir='ltr'>loci.</span> 
     </span>
    </p>
   </div>
   <div class='ocr_carea' id='block_1_16' title="bbox 229 3253 759 3440">
    <p class='ocr_par' dir='ltr' id='par_1_16' title="bbox 229 3253 759 3440">
     <span class='ocr_line' id='line_1_31' title="bbox 230 3253 710 3328; baseline 0.004 -13"><span class='ocrx_word' id='word_1_203' title='bbox 230 3259 265 3328; x_wconf 92' lang='grc'>11</span> <span class='ocrx_word' id='word_1_204' title='bbox 289 3254 317 3316; x_wconf 92' lang='lat' dir='ltr'>F</span> <span class='ocrx_word' id='word_1_205' title='bbox 318 3255 386 3316; x_wconf 90' lang='lat' dir='ltr'>eria</span> <span class='ocrx_word' id='word_1_206' title='bbox 401 3253 463 3319; x_wconf 82' lang='lat' dir='ltr'>‚iiii</span> <span class='ocrx_word' id='word_1_207' title='bbox 481 3254 523 3318; x_wconf 87' lang='lat' dir='ltr'>de</span> <span class='ocrx_word' id='word_1_208' title='bbox 539 3254 624 3318; x_wconf 83' lang='lat' dir='ltr'>festo</span> <span class='ocrx_word' id='word_1_209' title='bbox 639 3255 710 3317; x_wconf 88' lang='lat' dir='ltr'>loci.</span> 
     </span>
     <span class='ocr_line' id='line_1_32' title="bbox 229 3366 759 3440; baseline 0.004 -12"><span class='ocrx_word' id='word_1_210' title='bbox 229 3371 264 3440; x_wconf 91' lang='grc'>11</span> <span class='ocrx_word' id='word_1_211' title='bbox 288 3366 316 3428; x_wconf 92' lang='lat' dir='ltr'>F</span> <span class='ocrx_word' id='word_1_212' title='bbox 317 3367 385 3429; x_wconf 87' lang='lat' dir='ltr'>eria</span> <span class='ocrx_word' id='word_1_213' title='bbox 400 3388 437 3431; x_wconf 88' lang='lat' dir='ltr'>.v.</span> <span class='ocrx_word' id='word_1_214' title='bbox 453 3366 496 3430; x_wconf 92' lang='lat' dir='ltr'>de</span> <span class='ocrx_word' id='word_1_215' title='bbox 511 3376 627 3430; x_wconf 89' lang='lat' dir='ltr'>sancta</span> <span class='ocrx_word' id='word_1_216' title='bbox 644 3367 759 3430; x_wconf 84' lang='lat' dir='ltr'>Maria.</span> 
     </span>
    </p>
   </div>
   <div class='ocr_carea' id='block_1_17' title="bbox 187 3474 1395 3716">
    <p class='ocr_par' dir='ltr' id='par_1_17' title="bbox 187 3474 1395 3716">
     <span class='ocr_line' id='line_1_33' title="bbox 230 3474 1394 3559; baseline -0.004 -19"><span class='ocrx_word' id='word_1_217' title='bbox 230 3483 264 3553; x_wconf 98' lang='grc'>11</span> <span class='ocrx_word' id='word_1_218' title='bbox 289 3478 387 3541; x_wconf 90' lang='lat' dir='ltr'>Feria</span> <span class='ocrx_word' id='word_1_219' title='bbox 401 3478 449 3541; x_wconf 88' lang='lat' dir='ltr'>.vi.</span> <span class='ocrx_word' id='word_1_220' title='bbox 465 3478 509 3541; x_wconf 93' lang='lat' dir='ltr'>de</span> <span class='ocrx_word' id='word_1_221' title='bbox 524 3489 640 3542; x_wconf 90' lang='lat' dir='ltr'>sancto</span> <span class='ocrx_word' id='word_1_222' title='bbox 658 3479 809 3542; x_wconf 78' lang='lat' dir='ltr'>Ricardo,</span> <span class='ocrx_word' id='word_1_223' title='bbox 856 3477 912 3541; x_wconf 89' lang='lat' dir='ltr'>Ad</span> <span class='ocrx_word' id='word_1_224' title='bbox 928 3496 1083 3559; x_wconf 85' lang='lat' dir='ltr'>vesperas</span> <span class='ocrx_word' id='word_1_225' title='bbox 1095 3476 1200 3540; x_wconf 88' lang='lat' dir='ltr'>sancti</span> <span class='ocrx_word' id='word_1_226' title='bbox 1214 3474 1394 3547; x_wconf 87' lang='lat' dir='ltr'>Ambrosii,</span> 
     </span>
     <span class='ocr_line' id='line_1_34' title="bbox 188 3561 1395 3647; baseline -0.004 -20"><span class='ocrx_word' id='word_1_227' title='bbox 188 3567 349 3628; x_wconf 90' lang='lat' dir='ltr'>memoria</span> <span class='ocrx_word' id='word_1_228' title='bbox 382 3566 426 3627; x_wconf 90' lang='lat' dir='ltr'>de</span> <span class='ocrx_word' id='word_1_229' title='bbox 456 3577 574 3629; x_wconf 89' lang='lat' dir='ltr'>sancto</span> <span class='ocrx_word' id='word_1_230' title='bbox 607 3566 761 3643; x_wconf 91' lang='lat' dir='ltr'>Ricardo,</span> <span class='ocrx_word' id='word_1_231' title='bbox 784 3565 969 3647; x_wconf 88' lang='lat' dir='ltr'>antiphona</span> <span class='ocrx_word' id='word_1_232' title='bbox 1002 3563 1079 3626; x_wconf 83' lang='lat' dir='ltr'>Lux</span> <span class='ocrx_word' id='word_1_233' title='bbox 1091 3572 1247 3644; x_wconf 81' lang='lat' dir='ltr'>perpetua</span> <span class='ocrx_word' id='word_1_234' title='bbox 1270 3561 1395 3623; x_wconf 87' lang='lat' dir='ltr'>maior:</span> 
     </span>
     <span class='ocr_line' id='line_1_35' title="bbox 187 3651 633 3716; baseline 0.004 -2"><span class='ocrx_word' id='word_1_235' title='bbox 187 3653 367 3716; x_wconf 89' lang='lat' dir='ltr'>versiculus</span> <span class='ocrx_word' id='word_1_236' title='bbox 386 3651 530 3716; x_wconf 82' lang='lat' dir='ltr'>Gaudete</span> <span class='ocrx_word' id='word_1_237' title='bbox 544 3653 633 3716; x_wconf 87' lang='lat' dir='ltr'>iusti.</span> 
     </span>
    </p>
   </div>
   <div class='ocr_carea' id='block_1_18' title="bbox 189 3759 1395 3935">
    <p class='ocr_par' dir='ltr' id='par_1_18' title="bbox 189 3759 1395 3935">
     <span class='ocr_line' id='line_1_36' title="bbox 230 3759 1393 3844; baseline -0.006 -15"><span class='ocrx_word' id='word_1_238' title='bbox 230 3770 264 3840; x_wconf 98' lang='grc'>11</span> <span class='ocrx_word' id='word_1_239' title='bbox 288 3763 448 3839; x_wconf 89' lang='lat' dir='ltr'>Sabbato,</span> <span class='ocrx_word' id='word_1_240' title='bbox 463 3764 506 3828; x_wconf 91' lang='lat' dir='ltr'>de</span> <span class='ocrx_word' id='word_1_241' title='bbox 521 3774 637 3829; x_wconf 87' lang='lat' dir='ltr'>sancto</span> <span class='ocrx_word' id='word_1_242' title='bbox 654 3764 843 3839; x_wconf 80' lang='lat' dir='ltr'>Ambrosio,</span> <span class='ocrx_word' id='word_1_243' title='bbox 863 3763 1003 3827; x_wconf 90' lang='lat' dir='ltr'>Inferius</span> <span class='ocrx_word' id='word_1_244' title='bbox 1018 3761 1155 3844; x_wconf 88' lang='lat' dir='ltr'>duplex.</span> <span class='ocrx_word' id='word_1_245' title='bbox 1200 3759 1393 3842; x_wconf 91' lang='lat' dir='ltr'>Capitulum</span> 
     </span>
     <span class='ocr_line' id='line_1_37' title="bbox 189 3846 1395 3935; baseline -0.005 -21"><span class='ocrx_word' id='word_1_246' title='bbox 189 3851 268 3914; x_wconf 85' lang='lat' dir='ltr'>Ecce</span> <span class='ocrx_word' id='word_1_247' title='bbox 288 3853 440 3916; x_wconf 78' lang='lat' dir='ltr'>sacerdes.</span> <span class='ocrx_word' id='word_1_248' title='bbox 487 3852 533 3915; x_wconf 88' lang='lat' dir='ltr'>Et</span> <span class='ocrx_word' id='word_1_249' title='bbox 566 3852 719 3935; x_wconf 88' lang='lat' dir='ltr'>legantur</span> <span class='ocrx_word' id='word_1_250' title='bbox 750 3852 908 3915; x_wconf 89' lang='lat' dir='ltr'>lectiones</span> <span class='ocrx_word' id='word_1_251' title='bbox 942 3852 985 3913; x_wconf 91' lang='lat' dir='ltr'>de</span> <span class='ocrx_word' id='word_1_252' title='bbox 1019 3850 1230 3932; x_wconf 88' lang='lat' dir='ltr'>proprietate,</span> <span class='ocrx_word' id='word_1_253' title='bbox 1254 3868 1321 3910; x_wconf 90' lang='lat' dir='ltr'>non</span> <span class='ocrx_word' id='word_1_254' title='bbox 1352 3846 1395 3909; x_wconf 90' lang='lat' dir='ltr'>de</span> 
     </span>
    </p>
   </div>
   <div class='ocr_carea' id='block_1_19' title="bbox 219 4148 1221 4608">
    <p class='ocr_par' dir='ltr' id='par_1_19' title="bbox 219 4148 1164 4332">
     <span class='ocr_line' id='line_1_38' title="bbox 221 4148 1164 4213; baseline -0.003 -12"><span class='ocrx_word' id='word_1_255' title='bbox 221 4149 327 4202; x_wconf 85' lang='lat' dir='ltr'>¹totum</span> <span class='ocrx_word' id='word_1_256' title='bbox 339 4152 387 4201; x_wconf 81' lang='lat' dir='ltr'>de:</span> <span class='ocrx_word' id='word_1_257' title='bbox 406 4150 448 4213; x_wconf 85' lang='lat'>87,</span> <span class='ocrx_word' id='word_1_258' title='bbox 460 4150 500 4201; x_wconf 83' lang='lat'>88.</span> <span class='ocrx_word' id='word_1_259' title='bbox 894 4148 1046 4200; x_wconf 77' lang='lat' dir='ltr'>²Etiesta:</span> <span class='ocrx_word' id='word_1_260' title='bbox 1064 4148 1106 4210; x_wconf 86' lang='lat'>87,</span> <span class='ocrx_word' id='word_1_261' title='bbox 1124 4148 1164 4198; x_wconf 88' lang='lat'>88.</span> 
     </span>
     <span class='ocr_line' id='line_1_39' title="bbox 219 4215 1078 4332; baseline -0.003 -65"><span class='ocrx_word' id='word_1_262' title='bbox 219 4215 232 4313; x_wconf 54' lang='grc' dir='ltr'>ἰ</span> <span class='ocrx_word' id='word_1_263' title='bbox 247 4217 464 4332; x_wconf 45' lang='lat' dir='ltr'>luneiadseoffim</span> <span class='ocrx_word' id='word_1_264' title='bbox 476 4216 665 4332; x_wconf 40' lang='lat' dir='ltr'>“guigleium</span> <span class='ocrx_word' id='word_1_265' title='bbox 683 4216 725 4278; x_wconf 88' lang='lat'>87,</span> <span class='ocrx_word' id='word_1_266' title='bbox 737 4215 785 4266; x_wconf 83' lang='lat'>88:</span> <span class='ocrx_word' id='word_1_267' title='bbox 804 4233 896 4281; x_wconf 81' lang='lat' dir='ltr'>usque:</span> <span class='ocrx_word' id='word_1_268' title='bbox 914 4217 970 4264; x_wconf 80' lang='lat' dir='ltr'>add.</span> <span class='ocrx_word' id='word_1_269' title='bbox 983 4226 1026 4277; x_wconf 83' lang='lat'>97,</span> <span class='ocrx_word' id='word_1_270' title='bbox 1038 4227 1078 4264; x_wconf 88' lang='lat'>01.</span> 
     </span>
    </p>

    <p class='ocr_par' dir='ltr' id='par_1_20' title="bbox 270 4298 749 4342">
     <span class='ocr_line' id='line_1_40' title="bbox 270 4298 749 4342; baseline 0.002 -11"><span class='ocrx_word' id='word_1_271' title='bbox 270 4299 385 4332; x_wconf 81' lang='lat' dir='ltr'>rans..</span> <span class='ocrx_word' id='word_1_272' title='bbox 442 4298 492 4331; x_wconf 80' lang='lat' dir='ltr'>war</span> <span class='ocrx_word' id='word_1_273' title='bbox 511 4299 528 4341; x_wconf 92' lang='grc' dir='ltr'>ι,</span> <span class='ocrx_word' id='word_1_274' title='bbox 608 4319 627 4342; x_wconf 92' lang='grc'>.,</span> <span class='ocrx_word' id='word_1_275' title='bbox 654 4298 696 4333; x_wconf 80' lang='lat' dir='ltr'>uu.</span> <span class='ocrx_word' id='word_1_276' title='bbox 710 4298 749 4332; x_wconf 63' lang='lat' dir='ltr'>xx</span> 
     </span>
    </p>

    <p class='ocr_par' dir='ltr' id='par_1_21' title="bbox 281 4283 670 4412">
     <span class='ocr_line' id='line_1_41' title="bbox 281 4283 670 4412; baseline 0 -15"><span class='ocrx_word' id='word_1_277' title='bbox 281 4383 301 4409; x_wconf 91' lang='lat'><em>„</em></span> <span class='ocrx_word' id='word_1_278' title='bbox 359 4347 386 4397; x_wconf 83' lang='lat' dir='ltr'>S.</span> <span class='ocrx_word' id='word_1_279' title='bbox 400 4348 541 4405; x_wconf 78' lang='lat' dir='ltr'>cuthberti,</span> <span class='ocrx_word' id='word_1_280' title='bbox 554 4349 624 4412; x_wconf 87' lang='lat' dir='ltr'>Sept.</span> <span class='ocrx_word' id='word_1_281' title='bbox 637 4283 670 4397; x_wconf 83' lang='lat' dir='ltr'>lv.</span> 
     </span>
    </p>

    <p class='ocr_par' dir='ltr' id='par_1_22' title="bbox 221 4413 1221 4608">
     <span class='ocr_line' id='line_1_42' title="bbox 281 4413 645 4478; baseline -0.003 -15"><span class='ocrx_word' id='word_1_282' title='bbox 281 4449 300 4473; x_wconf 91' lang='lat'><strong>„</strong></span> <span class='ocrx_word' id='word_1_283' title='bbox 358 4413 384 4463; x_wconf 89' lang='lat' dir='ltr'>S.</span> <span class='ocrx_word' id='word_1_284' title='bbox 400 4413 539 4473; x_wconf 86' lang='lat' dir='ltr'>Benedicti,</span> <span class='ocrx_word' id='word_1_285' title='bbox 549 4414 599 4478; x_wconf 89' lang='lat' dir='ltr'>Jul.</span> <span class='ocrx_word' id='word_1_286' title='bbox 612 4413 645 4463; x_wconf 86' lang='lat' dir='ltr'>xi.</span> 
     </span>
     <span class='ocr_line' id='line_1_43' title="bbox 221 4473 1113 4539; baseline -0.002 -12"><span class='ocrx_word' id='word_1_287' title='bbox 221 4476 232 4507; x_wconf 77' lang='lat'>⁵</span> <span class='ocrx_word' id='word_1_288' title='bbox 248 4479 298 4527; x_wconf 76' lang='lat' dir='ltr'>ad:</span> <span class='ocrx_word' id='word_1_289' title='bbox 316 4476 358 4539; x_wconf 89' lang='lat'>87,</span> <span class='ocrx_word' id='word_1_290' title='bbox 370 4477 412 4537; x_wconf 90' lang='grc'>88,</span> <span class='ocrx_word' id='word_1_291' title='bbox 425 4491 465 4527; x_wconf 91' lang='lat'>01.</span> <span class='ocrx_word' id='word_1_292' title='bbox 892 4473 1001 4526; x_wconf 69' lang='lat' dir='ltr'>‘etad:</span> <span class='ocrx_word' id='word_1_293' title='bbox 1019 4475 1060 4536; x_wconf 87' lang='lat'>87,</span> <span class='ocrx_word' id='word_1_294' title='bbox 1073 4474 1113 4525; x_wconf 89' lang='lat'>88.</span> 
     </span>
     <span class='ocr_line' id='line_1_44' title="bbox 221 4539 1221 4608; baseline -0.004 -15"><span class='ocrx_word' id='word_1_295' title='bbox 221 4542 232 4574; x_wconf 77' lang='lat'>²</span> <span class='ocrx_word' id='word_1_296' title='bbox 248 4554 353 4593; x_wconf 75' lang='lat' dir='ltr'>octnuez</span> <span class='ocrx_word' id='word_1_297' title='bbox 371 4545 423 4592; x_wconf 78' lang='lat' dir='ltr'>Sed</span> <span class='ocrx_word' id='word_1_298' title='bbox 430 4544 487 4592; x_wconf 74' lang='lat' dir='ltr'>mile</span> <span class='ocrx_word' id='word_1_299' title='bbox 498 4543 570 4608; x_wconf 83' lang='lat' dir='ltr'>infra</span> <span class='ocrx_word' id='word_1_300' title='bbox 580 4544 625 4592; x_wconf 84' lang='lat' dir='ltr'>sub</span> <span class='ocrx_word' id='word_1_301' title='bbox 636 4543 661 4593; x_wconf 91' lang='lat' dir='ltr'>ii.</span> <span class='ocrx_word' id='word_1_302' title='bbox 678 4544 707 4593; x_wconf 89' lang='lat' dir='ltr'>G.</span> <span class='ocrx_word' id='word_1_303' title='bbox 889 4540 900 4573; x_wconf 78' lang='lat'>⁸</span> <span class='ocrx_word' id='word_1_304' title='bbox 916 4541 1048 4591; x_wconf 82' lang='lat' dir='ltr'>Secunde:</span> <span class='ocrx_word' id='word_1_305' title='bbox 1065 4558 1112 4590; x_wconf 85' lang='lat' dir='ltr'>om.</span> <span class='ocrx_word' id='word_1_306' title='bbox 1127 4540 1168 4601; x_wconf 85' lang='lat'>87,</span> <span class='ocrx_word' id='word_1_307' title='bbox 1181 4539 1221 4589; x_wconf 90' lang='grc'>88.</span> 
     </span>
    </p>
   </div>
   <div class='ocr_carea' id='block_1_20' title="bbox 0 0 1668 5208">
    <p class='ocr_par' dir='ltr' id='par_1_23' title="bbox 0 0 1668 5208">
     <span class='ocr_line' id='line_1_45' title="bbox 0 0 1668 5208; baseline 0 0"><span class='ocrx_word' id='word_1_308' title='bbox 0 0 1668 5208; x_wconf 95' lang='lat' dir='ltr'> </span> 
     </span>
    </p>
   </div>
  </div>
 </body>
</html>
