3316 5220
563 518 757 579 QUARTUM
769 519 804 567 D.
838 519 905 567 xvii.
919 520 956 568 ix.
970 520 1006 568 vi.
1020 519 1038 568 i.
1353 531 1402 583 309

234 676 269 746 (I
292 672 346 734 De
371 669 464 734 sestis
489 670 590 733 trium
618 670 808 747 lectionum,
836 670 895 734 fiat
925 673 1094 750 memoria,
1117 673 1202 737 sicut
1231 693 1291 757 per
1319 674 1400 736 heb·

191 758 375 821 domadam
407 757 543 834 Pasche,
572 756 615 820 ad
646 778 802 840 vesperas
829 768 864 821 et
894 760 1076 822 matutinas
1115 759 1213 823 beate
1243 760 1399 842 virginis.l

192 844 296 909 Nulla
325 843 384 907 fiat
423 844 583 908 memoria
620 845 664 907 de
701 844 827 928 Spiritu
866 844 1003 923 Sancto,
1032 846 1075 909 ad
1106 866 1262 931 vesperas
1291 857 1326 910 et
1355 847 1399 910 ad

192 932 377 995 matutinas
392 931 491 995 beate
508 931 624 1009 Marie,
638 951 698 1015 per
713 932 799 994 hanc
815 932 1072 997 hebdomadam.

232 1057 267 1127 (Ι
291 1052 383 1115 Nota
398 1055 489 1133 quod
506 1052 539 1115 in
555 1062 630 1115 toto
641 1072 731 1115 anno
746 1051 839 1115 nulla
861 1053 1030 1116 dominica
1048 1053 1150 1117 debet
1172 1053 1306 1133 differri,
1320 1055 1399 1138 quia

190 1148 325 1222 tempus
340 1139 442 1202 breue
457 1149 515 1202 est.

367 1263 401 1333 [ι
422 1259 516 1321 ’Βίεὸ
542 1267 657 1321 sancte
683 1257 881 1322 Trinitatis:
912 1260 1020 1322 maius
1049 1259 1198 1342 duplex:
1230 1269 1339 1324 totum
1355 1262 1398 1324 de

190 1309 255 1378 Jun.
270 1306 308 1379 ⁷¹]
367 1346 461 1409 sesto.
530 1345 589 1409 Ad
635 1347 799 1409 secundas
842 1366 998 1429 vesperas
1043 1348 1107 1411 sub
1150 1347 1295 1412 silentio⁴
1341 1346 1399 1411 fiat

191 1432 354 1494 memoria
369 1433 412 1495 de
428 1431 513 1495 sesto
529 1432 603 1510 loci,
618 1442 652 1496 et
667 1433 723 1496 del
738 1430 966 1508 confessore.†⁶

234 1557 269 1627 (l
292 1552 389 1616 Feria
403 1553 442 1617 ii
457 1555 501 1617 de
517 1552 603 1617 sesto
619 1553 702 1616 loci:
725 1563 759 1616 et
778 1553 846 1617 due
868 1553 1038 1631 memorie,
1053 1553 1178 1617 scilicet
1193 1554 1236 1618 de
1254 1557 1399 1632 sanctis,⁶

190 1649 225 1702 et
240 1641 284 1701 de
298 1641 450 1703 octauis!

232 1764 268 1834 (1
291 1759 389 1823 Feria
425 1760 476 1824 iii.
514 1761 558 1823 de
587 1769 705 1823 sancto
742 1759 947 1823 Edmundo:
986 1760 1030 1824 ix.
1066 1759 1246 1826 lectiones:
1284 1763 1399 1826 Medie

190 1845 351 1909 lectiones
366 1847 409 1910 de
425 1847 649 1929 martyribus,8
664 1857 699 1910 et
714 1849 876 1911 memoria
891 1847 935 1910 de
950 1847 1086 1911 octauis.

232 2092 267 2162 (l
291 2088 389 2151 Feria
417 2108 465 2164 .v.,
495 2088 634 2151 Festum
666 2085 824 2170 Corporis
856 2083 975 2159 Cristii
1002 2087 1110 2150 maius
1142 2087 1279 2171 duplex
1339 2089 1396 2151 Ad

190 2174 354 2237 secundas
385 2195 549 2256 vesperas,
575 2174 761 2256 antiphona
793 2173 988 2256 Sapientia:
1020 2174 1150 2256 psalmi,
1179 2175 1333 2256 hymnus,
1363 2186 1397 2239 et

188 2281 312 2337 versus,
329 2262 414 2325 sicut
432 2263 466 2324 in
490 2262 605 2344 primis
620 2262 766 2343 vesperis
789 2260 873 2324 sesti.
919 2262 966 2323 Et
988 2261 1035 2322 sic
1058 2281 1117 2345 per
1139 2272 1228 2326 totas
1250 2271 1397 2337 octauas,

189 2349 328 2430 quando
354 2350 397 2412 de
429 2349 571 2411 octauis⁹
600 2348 729 2430 agitur:
761 2349 923 2411 memoria
952 2348 1016 2410 sub
1045 2348 1179 2412 silentio
1208 2351 1251 2412 de
1280 2360 1398 2413 sancto

191 2435 348 2499 Barnaba
385 2434 550 2518 apostolo
579 2445 614 2497 et
650 2436 694 2498 de
731 2435 969 2516 martyribus¹⁰
1015 2434 1093 2498 Non
1124 2437 1254 2499 dicatur
1282 2457 1397 2500 versus

189 2520 323 2603 (Glon'a
352 2522 422 2600 tibi,
447 2521 597 2599 Domine,
625 2522 685 2603 qui
711 2521 833 2603 natus),
864 2522 927 2584 nisi
958 2523 1095 2603 quando
1123 2523 1167 2585 de
1196 2525 1336 2586 octauis⁰
1360 2523 1398 2587 fit

187 2629 375 2674 serurcrum.

233 2734 268 2804 (Ι
292 2728 389 2792 Feria
414 2729 463 2793 .vi
490 2728 535 2791 de
563 2736 681 2791 sancto
711 2725 875 2801 Bamaba,
908 2727 1144 2792 Inuitatorium
1173 2728 1316 2811 triplex:
1351 2731 1396 2795 ix.

191 2814 352 2878 lectiones
381 2816 454 2879 sine
479 2815 700 2897 expositione.
753 2815 867 2877 Medie
897 2813 1057 2878 lectiones
1086 2816 1129 2878 de
1160 2817 1397 2897 martyribus‚¹⁰

191 2904 294 2966 ¹¹cum
310 2903 473 2965 versiculo
486 2912 521 2965 et
538 2902 774 2983 Responsoriis
789 2902 833 2964 de
848 2901 983 2983 primo¹²
999 2911 1171 2980 nocturno,
1185 2912 1220 2967 et
1235 2905 1397 2967 memoria

191 2989 235 3052 de
249 2989 397 3071 vtrisque
412 2989 548 3053 octauis.
591 2988 744 3071 Vespere
759 2997 857 3051 erunt
866 2989 910 3051 de
924 2989 1115 3072 ειροεῐοΙο,13
1129 2999 1164 3052 et
1179 2992 1340 3053 memoria
1353 2992 1398 3055 de

188 3078 341 3141 octenis.⁹

232 3201 268 3271 (1
291 3194 451 3273 Sabbato,
469 3197 514 3260 de
535 3195 673 3271 octauis,
689 3204 756 3258 tres
777 3194 946 3274 lectiones,
961 3204 995 3259 et
1018 3196 1180 3260 memoria
1202 3197 1246 3261 de
1268 3199 1397 3261 octauis

190 3281 374 3347 Trinitatis.

232 3408 267 3478 (Ι
289 3402 450 3485 Quotidie
466 3423 525 3485 per
539 3404 698 3480 octauas,⁹
713 3404 773 3466 et¹⁴
788 3401 823 3464 in
838 3411 968 3476 octaua,
981 3403 1111 3467 dicatur
1126 3401 1309 3485 Sequentia
1318 3403 1398 3466 Ecce

182 3490 286 3571 panis
322 3490 520 3572 angelorum.
581 3491 628 3553 Et
665 3489 710 3554 ad
748 3490 944 3552 memoriam
982 3491 1025 3553 de
1056 3491 1206 3568 octauiS,l
1238 3492 1272 3553 in
1303 3490 1396 3554 festis

222 3732 314 3809 lJune
328 3743 372 3794 nst,
392 3733 429 3784 St.
448 3732 604 3784 Nicomede:
620 3733 686 3797 June
703 3733 764 3792 and,
785 3732 831 3783 SS.
855 3731 1017 3782 Marcellinus
1026 3732 1077 3782 and
1097 3735 1185 3784 Peter:
1201 3735 1266 3799 June
1285 3737 1338 3800 ph,
1357 3735 1394 3786 St.

188 3799 349 3927 Bogl‘floefln
360 3864 402 3914 die
413 3874 499 3914 sancte
510 3863 642 3914 Trinitatis
652 3864 746 3925 [totum
755 3863 799 3912 fiat
810 3862 843 3913 de
853 3862 940 3924 festo]

257 3995 285 4046 Si
297 3995 400 4058 suerint]
410 3995 446 4059 iij.
459 3995 696 4054 comemoraciones,
709 3994 735 4043 in
752 3994 778 4058 ij.
793 3993 853 4043 seria
869 3993 912 4041 fiat
929 4009 978 4042 vnn
989 3994 1180 4053 comemoracio,
1192 4002 1218 4045 et
1229 3995 1348 4046 memorie
1364 3996 1397 4047 de

190 4061 284 4111 sanctis
294 4070 320 4111 et
330 4062 363 4110 de
374 4061 507 4110 Trimtate.
543 4061 645 4109 Festum
656 4060 737 4109 sancti
745 4058 1201 4108 Barnnbedilleraturincrastinum.''
1235 4072 1274 4122 77.

223 4124 234 4155 ³
251 4128 323 4177 Der:
340 4139 382 4176 οι.
809 4124 820 4152 ⁴
835 4123 971 4173 solenniter
973 4124 1022 4188 sor
1031 4125 1078 4175 sub
1093 4126 1209 4175 silentio:
1226 4138 1268 4188 97,
1279 4139 1320 4176 οι.

222 4189 234 4219 ³
249 4191 312 4241 nihil
320 4191 353 4241 de
363 4190 507 4254 sanctissor
516 4190 548 4240 de
558 4189 717 4240 conseszore:
735 4200 776 4251 97,
788 4202 829 4238 01.

221 4253 233 4284 ⁸
249 4256 296 4307 SS.
311 4257 435 4306 Medardo
445 4265 471 4305 et
482 4255 612 4306 Gildnrdo.
810 4254 820 4286 ⁷
836 4253 974 4303 Trinitatis.

223 4320 234 4350 ⁸
250 4322 296 4373 SS.
311 4322 396 4372 Primo
407 4331 432 4370 et
444 4321 580 4371 Feliciano.
810 4318 822 4350 ⁹
838 4318 956 4384 Corporis
971 4318 1073 4369 Christi.

225 4386 245 4417 ¹⁰
261 4388 306 4439 SS.
322 4387 443 4446 Basilide,
455 4387 551 4447 Cirino,
563 4398 610 4436 eto

225 4451 243 4482 ¹¹
262 4457 280 4479 ‘⁸
291 4453 378 4503 Medic
389 4452 509 4502 lectiones
519 4452 581 4501 fiant
592 4453 624 4501 de
635 4458 701 4500 octa.
715 4449 871 4501 Trinitatis.'’
907 4451 983 4499 Crede
994 4450 1086 4511 Michi,
1099 4452 1113 4511 5
1129 4463 1170 4514 39,
1183 4466 1208 4516 p.
1222 4464 1262 4515 39.

223 4516 244 4547 ¹²
259 4518 305 4567 ii:
323 4530 364 4580 97,
377 4530 418 4567 or.
813 4514 834 4545 ¹³
850 4515 877 4565 S.
892 4516 1015 4564 Bnmaba

223 4582 244 4613 ¹⁴
260 4584 355 4649 persor
365 4593 408 4633 et:
425 4595 466 4632 01.
