3372 5224
561 427 715 476 PRIMUM
735 427 767 477 B.
802 429 856 477 xvi.
872 429 932 477 xiii.
952 444 976 476 v.
996 429 1026 477 ii.
1356 442 1402 491 129

244 586 277 656 ΙΙ
302 580 460 655 Sabbat0,
483 579 526 642 de
549 588 664 642 sancta
689 580 805 655 Maria,
822 591 856 643 et
879 581 1038 643 memoria
1054 581 1096 644 de
1123 592 1240 645 sancto
1267 581 1400 664 Apolli-

202 688 282 730 nare
298 677 452 749 martyre.
495 664 563 728 Vbi
588 665 671 729 liunt
688 675 754 729 tres
780 669 1125 742 commemorationes,
1140 669 1173 731 in
1189 670 1229 731 .ii.
1245 669 1327 733 feria
1343 669 1400 731 fiat

201 775 267 816 vna
282 755 565 827 commemoratio
582 762 615 816 et
639 755 799 817 memoria
821 763 952 817 tantum
975 756 1017 818 de
1034 754 1127 819 testo.
1172 755 1230 818 Ad
1245 776 1401 837 vesperas

199 841 393 924 antiphona.
438 841 513 902 Rex
531 850 663 904 autern:
686 841 845 904 memoria
860 840 903 904 de
926 850 1042 905 sancta
1064 842 1217 917 Cristina,
1234 843 1277 906 de
1292 843 1400 906 Trini-

201 938 279 1002 tate,
295 937 330 990 et
345 928 403 990 fiat
418 928 593 1010 processio.

378 1047 615 1124 (lDominica
649 1047 743 1110 ‚viit‘
775 1048 829 1110 de¹
862 1048 1002 1111 seruicio
1042 1049 1241 1112 dominicali.
1288 1050 1401 1112 Medie

198 1095 332 1168 July24.]
379 1133 537 1197 lectiones
567 1135 609 1197 de
635 1145 751 1197 sancta
780 1134 931 1198 Cristina.
980 1136 1017 1199 ln
1046 1136 1198 1200 laudibus
1227 1156 1293 1200 vna
1315 1137 1401 1199 anti·

202 1219 322 1301 phona,
353 1230 387 1284 et
409 1221 476 1284 due
500 1221 666 1284 memorie.
710 1222 781 1284 'Ad
805 1243 961 1304 vesperas
991 1222 1138 1286 solennis
1169 1223 1328 1286 memoria
1357 1224 1400 1287 de

203 1308 426 1388 martyribus³
441 1318 475 1371 et
490 1309 533 1371 de
548 1309 752 1371 ‘dominica'

243 1432 278 1502 (Ι
302 1427 398 1489 Feria
436 1428 476 1490 ii.
499 1428 542 1491 de
563 1436 681 1490 sancto
710 1426 841 1503 Iacobo,
872 1427 1012 1491 lnlerius
1042 1428 1178 1510 duplex.
1233 1427 1401 1493 Secunde³

200 1532 338 1595 vespere
349 1523 445 1576 erunt
456 1513 499 1576 de
514 1514 675 1596 apostolo,
691 1523 725 1576 et
739 1515 886 1577 solennis
902 1516 1063 1579 memoria
1079 1518 1121 1579 de
1136 1526 1252 1579 saneta
1269 1516 1378 1580 Anna.

243 1639 278 1709 (Ι
301 1633 398 1695 Feria
435 1634 486 1696 iii.
524 1634 566 1697 de
603 1642 720 1696 sancta
749 1631 860 1697 Anna.
921 1634 1153 1698 Inuitatorium
1191 1634 1315 1717 triplex
1331 1685 1338 1698 .
1354 1637 1399 1698 ix

200 1719 368 1869 lectiongs,
395 1720 544 1803 Vespere
559 1730 655 1783 enrnt
682 1719 725 1783 de
746 1730 863 1784 sancta
888 1720 999 1796 Anna,
1015 1730 1049 1784 et
1073 1723 1232 1785 memoria
1247 1724 1291 1786 de
1314 1723 1402 1786 Dor·

201 1817 317 1869 mrentr
342 1827 389 1871 us.

200 2013 369 2076 lectiones.

243 2141 277 2210 (Ι
302 2134 400 2197 Feria
413 2155 452 2197 .v.
468 2134 511 2196 de
527 2132 613 2196 festo
628 2133 712 2196 loci:
736 2135 909 2197 memorial
924 2135 967 2197 de
982 2136 1128 2198 sanctis.⁷

243 2260 278 2330 (Ι
302 2254 398 2317 Feria
408 2253 460 2317 .vi.
471 2256 514 2318 de
529 2262 647 2317 sancto
664 2253 774 2317 Felice
784 2253 1121 2338 sociorumqueleius.
1168 2256 1400 2320 Inuitatorium

199 2342 329 2423 duplex
345 2389 353 2403 .
369 2338 411 2403 iii
427 2341 593 2404 lectiones.
640 2341 865 2424 Responsoria
881 2343 923 2406 de
939 2343 1085 2406 secundo
1100 2350 1270 2406 nocturno.

243 2467 278 2537 01
301 2458 460 2535 Sabbato,
483 2461 526 2523 de
548 2470 664 2523 sancta
695 2460 811 2523 Maria.
876 2461 943 2524 Vbi
965 2461 1049 2524 fiunt
1071 2470 1138 2525 tres
1162 2481 1402 2527 commemora·

200 2548 317 2621 tiones,
334 2548 367 2610 in
383 2547 433 2610 .vi.
449 2547 530 2610 seria
544 2546 603 2610 fiat
614 2567 680 2610 vna
694 2549 976 2611 commemoratio.

244 2673 278 2744 (l
301 2666 359 2730 Ab
383 2667 446 2729 hac
469 2668 533 2742 die,
560 2687 665 2750 vsque
680 2667 723 2730 ad
746 2666 1041 2732 circumcisionem
1058 2669 1205 2745 Domini,
1221 2670 1402 2753 accipiatur

201 2762 338 2817 sextum
354 2753 392 2829 B,
409 2773 470 2837 pro
486 2753 595 2817 littera
610 2754 809 2818 dominicali.

234 3946 248 3971 ⁵
266 3944 400 3995 Dominim
411 3944 492 3996 xiii..
510 3946 573 3997 This
584 3947 606 3997 is
617 3948 659 3997 the
670 3948 756 3998 Nr'nth
769 3946 872 4011 Sundey
882 3947 945 3997 after
959 3946 1059 4012 Trinity
1075 3948 1114 4007 (or
1130 3947 1173 3996 the
1189 3946 1274 3996 Tenth
1291 3946 1317 3996 S.
1336 3947 1400 3997 after

201 4012 354 4073 Pentecost),
367 4011 412 4060 but
424 4011 467 4061 the
478 4011 576 4076 Etghth
588 4013 617 4062 ol
625 4013 668 4062 the
681 4013 797 4062 Historiis
809 4013 906 4076 Regum
918 4014 937 4073 l‘
948 4014 1026 4073 Deus,
1039 4013 1154 4061 onem'mn
1162 4011 1187 4072 'l.
1235 4011 1282 4062 See
1299 4026 1324 4076 p.
1342 4023 1398 4075 125,

198 4077 288 4170 abpre.

231 4141 290 4242 ἐξ
297 4151 479 4282 niniam·
508 4205 515 4218 ⁶
543 4223 559 4256 o
570 4206 614 4257 fiat
624 4206 744 4257 memoria
754 4206 918 4257 dedominion
928 4207 975 4257 sub
985 4205 1085 4257 silentio
1095 4215 1121 4256 et
1131 4205 1222 4256 deinde
1234 4205 1277 4255 fiet
1287 4205 1398 4257 solennis

200 4287 321 4322 memoria
330 4271 363 4321 de
374 4280 476 4336 martyn
492 4288 539 4321 us:
556 4284 650 4334 97.01.

231 4334 243 4367 ³
259 4336 305 4388 SS.
319 4335 499 4401 christophoro
507 4347 532 4387 et
541 4337 672 4388 Cucnlcto.
867 4335 879 4366 ⁴
894 4337 940 4386 sub
951 4336 1065 4386 silentio:
1082 4336 1138 4386 add.
1152 4333 1193 4397 87,
1206 4334 1246 4385 88.

232 4399 243 4431 ⁶
259 4400 392 4452 Secunde:
408 4418 456 4452 ont.
470 4400 512 4463 87,
523 4400 563 4452 88.
868 4398 880 4431 ⁶
895 4410 920 4451 et
931 4402 1010 4466 before
1020 4400 1158 4452 memorie:
1175 4401 1216 4462 87,
1228 4399 1268 4450 88.

231 4465 242 4497 ⁷
259 4465 305 4518 SS.
319 4466 442 4518 samsone
452 4476 478 4516 et
490 4467 666 4519 Penthaleone.

288 4546 372 4597 PICA
394 4546 532 4598 SARUM.
1239 4544 1266 4595 Κ
