3316 5220
219 420 270 511 3i2
548 448 824 499 Dlaacroeewie
852 447 1118 499 seceaoowie.

221 612 276 682 Jul.
293 609 329 682 5.]
399 606 434 676 (Ι
456 600 650 664 ¹Dominica
664 600 727 665 iiii.
744 600 786 664 de
802 602 939 678 octauis,
954 621 1030 664 cum
1048 601 1225 667 memoriis,

269 736 304 806 (Ι
328 730 424 793 Feria
439 730 478 793 ii.
495 731 538 792 de
553 739 674 793 octaua
689 730 943 811 apostolorum,²
958 749 1035 792 cum
1056 730 1185 793 solenni
1207 728 1369 792 memoria
1392 728 1447 791 de

227 818 357 881 octauis
395 816 615 880 VisitationiS.
672 817 728 879 Ad
767 837 923 900 vesperas
960 818 1068 880 sancti
1100 816 1258 894 Thome‚³
1289 815 1439 879 solennis

228 903 390 968 memoria
402 904 445 966 de
459 903 608 967 octauis:
630 904 678 967 et*
694 903 736 966 de
752 903 928 987 apostolis²
943 904 1112 987 priuatim.

269 1038 304 1108 (Ι
327 1032 425 1096 Feria
462 1032 513 1095 iii.
544 1033 587 1096 de
624 1042 743 1096 sancto
780 1032 934 1096 Thoma:
973 1032 1095 1097 festum
1136 1033 1246 1096 minus
1285 1032 1440 1116 duplex:

226 1120 388 1183 memoria
402 1120 446 1183 de
460 1119 611 1183 octauis.⁶

269 1245 304 1315 (Ι
327 1239 425 1303 Feria
458 1239 522 1302 .iiii.
561 1238 603 1302 de
640 1239 769 1302 octauis
799 1238 1030 1303 Visitationis:
1069 1240 1111 1304 iii.
1149 1239 1316 1303 lectiones.
1376 1237 1440 1301 Ad

229 1347 393 1410 vesperas,
423 1326 485 1389 hec
515 1325 587 1389 sola
617 1326 802 1408 antiphona
836 1347 937 1410 super
967 1326 1126 1409 psalmos,
1158 1326 1280 1390 Eterni
1299 1325 1443 1408 patris:

229 1414 378 1498 psalmus
400 1413 500 1476 Dixit
521 1412 693 1490 Dominus,
714 1421 747 1476 et
770 1415 871 1477 ceteri
894 1413 1015 1498 psalmi
1038 1414 1080 1477 de
1105 1424 1222 1478 sancta
1250 1413 1380 1489 Maria;
1404 1421 1443 1475 et

228 1510 347 1579 cetera,
362 1500 448 1564 sicut
463 1500 507 1563 ad
522 1501 647 1584 primas
663 1520 826 1583 vesperas.

272 1635 307 1705 (Ι
330 1630 427 1692 Feria
453 1651 490 1693 .v.
521 1629 563 1693 de
600 1638 720 1692 octaua
750 1628 984 1694 Visitationis:
1022 1630 1066 1693 ix,
1098 1628 1276 1693 lectiones:
1314 1625 1443 1692 Omnia

230 1718 318 1781 sicut
333 1717 366 1779 in
382 1717 491 1799 prima
506 1716 569 1795 die,
586 1716 699 1779 Preter
721 1715 880 1780 lectiones
902 1727 937 1780 et
960 1718 1185 1801 Responsoria
1209 1715 1253 1779 ad
1276 1716 1445 1779 secundas

231 1823 394 1887 vesperas
441 1803 498 1866 Ad
515 1805 679 1867 secundas
694 1823 861 1886 vesperas,
876 1804 1021 1868 solennis
1039 1804 1199 1867 memoria
1215 1805 1272 1868 de⁶
1287 1801 1451 1884 martyri-

230 1892 313 1955 bus!

274 2016 309 2086 (Ι
333 2010 430 2074 Feria
444 2010 493 2076 .vi.
509 2011 552 2074 de
568 2009 654 2074 festo
669 2010 742 2088 loci,
757 2020 792 2075 et
807 2012 968 2075 memoria
982 2012 1026 2074 de
1043 2010 1266 2094 martyribus!

275 2150 311 2220 (Ι
333 2142 495 2219 sabbato,
518 2143 560 2206 de
583 2154 700 2207 sancta
724 2144 832 2207 Maria
855 2154 890 2208 et
914 2146 1074 2208 memoria
1096 2155 1227 2208 tantum
1259 2146 1302 2208 de
1324 2151 1456 2205 sancto

236 2231 427 2296 Benedicto.
473 2230 530 2293 Ad
547 2251 702 2313 vesperas
726 2232 949 2313 reliquiarum,
964 2232 1138 2295 memoria⁸
1153 2234 1196 2295 de
1217 2230 1394 2306 dominica,
1410 2237 1450 2293 et

234 2320 279 2382 de
294 2318 461 2381 Trinitate
477 2318 540 2381 sub
555 2318 695 2382 silentio,

409 2443 444 2513 (Ι
467 2438 646 2501 Dominica
673 2461 709 2503 .v.
738 2438 859 2502 festum
887 2438 1122 2521 reliquiarum:
1157 2438 1265 2502 maius
1296 2437 1456 2520 duplex:

233 2489 288 2559 Μ’
304 2485 357 2558 ¹²]
410 2526 571 2588 memoria
586 2526 742 2609 priuatim
758 2526 801 2589 de
817 2526 993 2603 dominica,
1009 2536 1044 2589 et
1058 2527 1101 2590 de
1116 2526 1292 2590 Trinitate.

278 2660 313 2730 (Ι
335 2653 496 2736 Quotidie
526 2675 586 2738 per
614 2666 761 2732 octauas,
784 2655 827 2720 de
857 2674 1057 2740 quocunque
1089 2655 1147 2719 fiat
1179 2655 1363 2727 seruicium‚
1387 2651 1452 2717 fiat

238 2742 400 2804 memoria
444 2742 487 2805 de
532 2742 686 2825 reliquiis,
723 2763 800 2806 cum
839 2743 990 2806 oratione
1028 2744 1114 2806 sicut
1151 2742 1195 2805 ad
1233 2741 1461 2825 quotidianas-

238 2829 423 2892 matutinas
438 2827 537 2892 beate
553 2829 668 2894 Marie.

239 3037 254 3099 s
281 2949 437 3098 (ΙῙΡετία
459 2950 498 3013 ii.
522 2950 578 3014 de⁹
601 2950 688 3015 seria.
747 2951 793 3015 Et
814 2952 947 3015 dicatur
973 2949 1160 3015 secundum
1185 2948 1456 3033 Responsorium

251 3057 318 3100 ena
331 3057 358 3100 e.

283 3165 317 3236 (Ι
341 3159 438 3221 Feria
453 3158 504 3222 ,iii
519 3159 562 3222 de
579 3158 664 3223 sesto
679 3159 751 3225 loci.

286 3286 320 3357 (Ι
345 3281 441 3343 Feria
456 3280 520 3345 iiii.
536 3280 579 3343 de
594 3290 712 3345 sancto
729 3281 927 3346 Swithun0:
951 3280 995 3343 ix.
1013 3279 1172 3344 lectiones
1188 3280 1231 3342 de
1245 3277 1427 3342 communi.

287 3416 322 3486 (Ι
346 3409 444 3473 Feria
459 3431 496 3474 .v.
512 3410 555 3472 de
570 3421 689 3474 sancto
704 3409 904 3475 Osmundot
928 3410 974 3473 ix.
990 3409 1149 3473 lectiones
1165 3409 1233 3472 ¹⁰de
1248 3407 1460 3471 communi.¹⁰

244 3628 254 3690 l
288 3546 323 3616 (Ι
345 3539 442 3603 Feria
465 3539 514 3603 .vi,
538 3541 580 3602 de
604 3551 720 3605 sancto
744 3540 921 3619 Kenelmo,
948 3538 1181 3603 Inuitatorium
1205 3538 1356 3621 duplex:
1387 3547 1464 3601 tres

257 3629 412 3692 ectiones.

280 3920 510 3997 ¹“01D0mi31ica
537 3919 580 3985 iiij.
606 3922 638 3971 de
660 3920 775 3981 [seruitio
791 3920 936 3972 dominicali
965 3920 1085 3970 memoria
1110 3920 1146 3982 et]
1174 3918 1256 3970 medie
1279 3917 1402 3970 lecciones
1426 3920 1462 3970 de

314 3989 589 4112 ngdgoiissiiusabbato
600 4051 632 4101 de
643 4050 921 4112 comemoracionibus.]

315 4117 388 4168 Feria
399 4118 442 4193 iiij.
456 4117 547 4167 dicitur
555 4116 662 4182 primum
674 4117 962 4192 responsoriutaieriale.
1256 4180 1262 4192 .

314 4184 352 4246 [Si
372 4183 463 4234 suerint
481 4181 515 4248 iij.
535 4183 784 4244 comemoraciones,]
795 4182 822 4232 in
838 4182 882 4246 nij.
904 4181 966 4232 sena
983 4181 1026 4231 fiat
1038 4199 1087 4232 vna
1098 4179 1306 4232 comemomc10.”
1340 4190 1380 4242 77.

280 4249 579 4376 {saiwi
933 4245 1159 4363 iiiiii?

280 4380 292 4411 ⁶
307 4332 372 4432 asto
383 4352 432 4430 laci
442 4350 511 4429 esde
521 4350 536 4430 τ’
545 4380 602 4428 add
616 4389 658 4440 97,
669 4392 710 4429 01.
936 4375 947 4413 ⁷
963 4378 1066 4454 Septem
1079 4377 1214 4428 Fratribus.

282 4449 293 4479 ⁸
310 4450 353 4499 fiat
364 4445 442 4509 before
453 4444 588 4494 memoria:
606 4443 648 4505 87,
661 4443 702 4495 88.
936 4442 948 4474 ⁹
964 4444 1025 4493 fena
1036 4444 1113 4510 before
1123 4443 1155 4493 de
1166 4461 1173 4493 ε
1190 4457 1231 4492 οι.

279 4514 355 4554 ¹⁰-¹⁰
370 4531 417 4564 om.
431 4525 472 4575 97,
484 4527 524 4563 01.
