3330 5218
483 442 701 497 sacvrmmr
718 447 751 495 A.
787 444 864 495 aver.
887 461 930 496 xv.
954 462 981 494 x.
994 446 1041 496 vis.
1349 458 1380 514 55

221 602 259 673 (Ι
280 597 379 661 Feria
393 599 433 662 ii.
448 598 491 662 de
505 609 623 662 sancto
633 598 803 681 Gregorio.
850 597 989 661 Inferius
1004 598 1141 682 duplex.
1186 599 1378 683 Capitulum

181 680 263 746 Ecce
274 685 428 762 sacerdos,
442 696 477 749 et
487 683 646 748 solennis¹
662 685 822 749 memoria
837 685 879 747 de
894 685 1024 748 ieiunio

223 806 258 876 (Ι
281 802 378 866 Feria
392 824 429 865 .v.
444 803 566 866 dicitur
582 802 844 885 Responsorium
859 801 980 866 feriale.

225 927 260 997 (Ι
282 923 441 997 Sabbato,
464 923 508 986 de
537 934 655 987 sancto
679 921 855 999 Edwardo,
877 922 922 985 ix.
946 922 1112 987 lectiones.
1168 923 1225 987 Ad
1256 925 1380 1006 primas

181 1029 338 1092 vesperas
363 1009 548 1092 antiphona
570 1009 638 1072 Iste
661 1018 813 1073 sanctus.
830 1008 1024 1092 Capitulum
1045 1010 1169 1073 Beatus
1189 1010 1246 1075 vir
1264 1011 1325 1093 qm·
1344 1012 1380 1074 in

181 1098 350 1177 sopthim,
380 1107 413 1160 et
442 1107 560 1160 cetera
628 1097 891 1178 Responsorium
924 1096 1048 1160 Beatus
1082 1097 1140 1160 vir
1173 1098 1235 1179 qui
1266 1096 1382 1181 suffert

180 1184 426 1266 temptationem.

380 1311 414 1380 (Ι
437 1304 615 1368 Dominica
627 1304 659 1366 in
674 1302 831 1366 Passione
847 1302 993 1366 Domini.
1028 1304 1084 1367 Ad
1096 1305 1219 1386 primas
1227 1325 1383 1388 vesperas

381 1392 543 1455 memoria
557 1391 600 1453 de
616 1399 733 1454 sancto
749 1389 925 1453 Edward0.

227 1516 261 1585 (Ι
283 1510 376 1574 Nota
391 1511 495 1594 qu0d²
510 1511 595 1573 festa
610 1519 801 1574 sanctorum
818 1508 992 1574 Cuthberti
1014 1520 1049 1573 et
1072 1510 1246 1575 Benedicti
1272 1509 1382 1575 differ·

183 1607 284 1659 antur
297 1617 402 1680 vsque
416 1597 460 1661 ad
476 1598 711 1660 translationes
725 1598 864 1659 eorum.l

226 1723 260 1792 (Ι
283 1717 380 1781 Feria
408 1718 474 1781 iiii.
505 1716 626 1781 dicitur
651 1725 809 1780 octauum
841 1716 1103 1799 Responsorium
1132 1717 1292 1798 Historie,
1306 1739 1383 1783 cum

180 1803 315 1867 duobus
330 1803 506 1867 ferialibus

227 1932 262 2002 (Ι
285 1923 444 2001 Sabbato,
454 1922 575 1988 festum
589 1923 872 1987 Annunciationis
884 1923 982 1986 beate
998 1923 1114 2001 Marie,
1124 1925 1234 1988 minus
1249 1925 1385 2008 duplex.

183 2013 335 2094 Vespere
363 2021 460 2074 erunt
489 2011 532 2075 de
561 2011 738 2087 dominica,
767 2019 802 2072 et
836 2010 983 2073 solennis
1020 2011 1180 2075 memoria
1217 2011 1260 2075 de
1291 2012 1385 2076 sesto.

184 2099 337 2181 Vespere
365 2099 409 2162 de
438 2109 554 2161 sancta
585 2097 700 2161 Maria
758 2098 804 2162 Et
841 2097 1096 2179 completorium
1126 2098 1259 2162 dicitur⁴
1288 2111 1387 2167 extra

185 2186 335 2262 chorum,
349 2185 435 2248 sicut
451 2186 485 2247 in
501 2184 574 2247 aliis
590 2184 700 2248 seriis⁸

184 2359 287 2413 March
298 2355 354 2428 26³]
381 2313 415 2455 gl
438 2306 618 2455 Dptpiapipa
633 2305 666 2367 in
685 2303 784 2367 ramis
800 2303 998 2382 Palmarum,
1020 2313 1094 2369 tota
1114 2305 1235 2369 dicitur
1249 2306 1387 2370 historia

406 2413 474 2457 omi
500 2413 510 2454 ι
566 2413 602 2454 1.

228 2520 263 2591 (Ι
285 2514 382 2577 Feria
396 2513 436 2577 ii.
452 2526 486 2575 et
500 2512 618 2575 ceteris
635 2510 723 2574 feriis
739 2531 798 2594 per
812 2510 1068 2586 hebdomadam,
1084 2513 1128 2576 de
1143 2512 1272 2575 ieiunio

360 2640 395 2710 (Ι
420 2634 458 2696 ln
482 2633 536 2696 die
560 2632 672 2708 Pasce,
694 2639 728 2695 et
752 2651 811 2714 per
832 2630 1090 2710 hebdomadam,
1113 2632 1156 2697 de
1185 2632 1386 2697 solennitate

184 1354 286 1409 March
299 1352 352 1424 ro]

186 2683 266 2754 Apffl
279 2682 318 2754 λ]
361 2720 445 2784 sesti.

186 2846 262 2989 Ιέι(Ι
285 2839 421 2962 Festum
451 2839 558 2902 sancti
589 2838 724 2902 Ricardi
755 2836 926 2901 differatur
954 2857 1060 2920 vsque
1089 2839 1132 2901 ad
1169 2840 1241 2902 eius
1278 2849 1384 2902 trans-

221 2935 355 2990 tionem.

228 3052 262 3123 (Ι
285 3047 423 3110 Festum
438 3046 545 3108 sancti
562 3044 733 3108 Ambrosii
750 3044 921 3109 differatur
935 3063 1039 3127 vsque
1055 3043 1098 3107 ad
1114 3045 1251 3108 terciam
1267 3044 1383 3108 feriam

184 3143 262 3217 post
276 3143 414 3197 octauas
430 3133 540 3196 Pasce.

183 3259 262 3403 DQ
285 3253 380 3353 Nota
392 3253 482 3335 quod
499 3251 748 3317 benedictiones
762 3250 891 3315 feriales
914 3271 981 3314 non
1004 3251 1161 3316 dicuntur
1182 3271 1287 3334 vsque
1309 3263 1386 3335 post

219 3361 275 3404 eus
288 3360 442 3403 omnium.

247 3509 254 3519 .
361 3466 396 3537 (Ι
418 3458 597 3522 Dominica
620 3458 653 3521 in
676 3457 770 3535 albis,
787 3458 894 3539 prima
915 3467 993 3541 post
1021 3457 1132 3522 Passa
1176 3456 1234 3520 Ad
1260 3458 1385 3539 primas

184 3507 316 3580 Apum]
362 3566 517 3629 vesperas
546 3544 606 3608 fiat
631 3546 799 3627 processio
828 3554 907 3607 ante
930 3565 1071 3621 crucem,
1098 3546 1169 3607 sine
1193 3563 1298 3607 cruce.
1345 3545 1384 3608 ln

188 3632 359 3696 redeundo
373 3634 415 3696 de
430 3643 546 3696 sancta
562 3632 678 3696 Maria
724 3630 781 3696 Ad
798 3631 980 3695 matutinas
996 3634 1119 3696 totum⁷
1134 3632 1177 3694 de
1199 3631 1385 3696 dominica:

185 3727 221 3780 et
236 3721 397 3783 memoria
411 3721 454 3783 de
470 3719 715 3797 resurrectione,
730 3738 806 3782 curn
823 3718 931 3781 missa

218 4025 226 4056 ¹
244 4029 297 4077 sola
330 4025 370 4078 88
827 4024 1018 4092 ²Notaquod:
1034 4043 1082 4077 om.
1095 4024 1186 4087 87,88

219 4090 230 4121 ³
248 4092 391 4143 Translatio
403 4092 429 4143 S.
443 4091 585 4152 cuthberti,
598 4107 614 4154 4
625 4092 684 4158 Sep.
696 4111 704 4153 ;
722 4092 864 4142 Translatio
875 4091 902 4142 S.
914 4092 1052 4151 Benedicti,
1069 4105 1095 4142 ιι
1107 4093 1158 4153 Jut

221 4157 379 4233 ⁴oicuntur:
397 4157 436 4208 88.
473 4158 626 4208 Erubescant
648 4157 691 4224 qui
714 4158 740 4207 in
762 4157 826 4234 sesto
846 4155 1057 4235 rinnunciationis
1076 4158 1106 4207 Β.
1129 4156 1209 4207 Marie
1231 4157 1332 4222 pulsant
1353 4156 1387 4207 ad

187 4224 379 4338 88ῗίῐίῗέ
388 4239 507 4363 illst}
516 4239 668 4353 iffi.
684 4220 1245 4352 {minitissimam
1255 4285 1386 4362 aaa

189 4354 289 4419 pulsant
299 4353 332 4403 ad
343 4353 533 4429 completorium
549 4370 605 4402 cum
623 4369 673 4403 una
689 4369 813 4419 campana
823 4362 849 4402 et
868 4368 919 4402 non
937 4368 994 4403 cum
1014 4351 1119 4413 duabus,
1138 4362 1196 4417 post
1214 4353 1382 4403 collatronem.

188 4420 277 4534 (εἠἔι
287 4417 667 4548 lllldnhrllil'llrsnbllbtllnlrblun.
958 4482 1055 4532 ⁷totaz
1073 4481 1112 4533 88.
