3326 5208
540 586 703 673 [OErttluut
721 590 753 656 C.
799 591 878 654 xvii.
895 588 952 672 xij.
969 592 1013 656 ix.
1029 591 1070 673 vj.
1087 591 1132 674 i.]¹

278 729 432 812 [Epacte,
457 743 507 809 25,
531 730 580 802 26,
607 731 657 806 28,
680 744 729 807 29,
752 746 776 805 1,
798 728 877 808 stylo
899 729 1058 810 antiquo,
1083 745 1154 809 3-9,
1176 729 1257 809 stylo
1283 728 1440 792 moderno.

236 816 372 893 Pascha,
389 816 486 898 April
503 815 570 899 xi]

278 959 312 1029 ΙΙ
335 953 359 1036 [i
375 953 462 1036 .viii.]
506 953 617 1016 ’Feria
632 975 669 1017 .v.
686 954 719 1015 in
743 954 888 1016 crastino
910 963 1030 1016 octaue
1054 953 1253 1035 Epiphanie,
1269 953 1311 1016 de
1323 963 1439 1016 sancto

236 1041 347 1103 Felice
364 1051 518 1120 martyre,
537 1041 772 1104 lnuitatorium
786 1041 939 1122 simplex.
953 1051 1019 1103 tres
1032 1040 1198 1103 lectiones.
1245 1041 1438 1123 Capitulum

237 1127 355 1191 Omnis
361 1129 517 1209 pontifex:
564 1127 621 1190 Ad
638 1128 773 1189 missam
790 1129 946 1191 dicuntur
961 1129 1109 1210 quinque
1124 1127 1285 1190 collecte⁸

277 1246 311 1316 01
335 1241 432 1304 Feria
446 1240 495 1304 .vi.
511 1240 554 1303 de
570 1238 655 1303 sesto
671 1238 742 1311 loci,
759 1248 793 1302 et
809 1240 970 1303 memoria
985 1241 1027 1304 de
1043 1252 1160 1304 sancto
1178 1241 1305 1303 Mauro.

277 1358 312 1428 11
335 1351 495 1429 Sabbato,
511 1354 554 1415 de
570 1362 686 1414 sancta
703 1351 832 1416 Maria.⁴

276 1470 311 1540 11
333 1463 401 1528 Vbi
427 1464 511 1528 fiunt
535 1474 601 1527 tres
626 1465 971 1539 commemorationes,
987 1465 1020 1526 in
1037 1487 1073 1528 .v.
1091 1462 1171 1527 feria
1199 1463 1256 1526 fiat
1272 1484 1337 1526 vna
1352 1483 1442 1526 com·

234 1553 440 1626 memoratio,
468 1562 501 1614 et
527 1552 687 1614 memoria
712 1552 755 1613 de
784 1563 901 1615 sancto
926 1551 1044 1614 Felice,
1103 1552 1162 1614 Ad
1187 1552 1439 1633 completorium

233 1640 363 1702 dicatur
378 1638 528 1722 psalmus
543 1638 605 1700 An
616 1647 647 1700 te
659 1637 777 1702 lenoni.

233 1805 323 1873 1²³³
329 1799 366 1871 t]
409 1750 717 1911 ἕοῃῖἓέῗέῗῖἓῖἃ
752 1760 1019 1900 {tartha
1048 1750 1244 1900 ῗὲἷὲἶίἒὲῗ
1262 1750 1441 1912 nillil

234 1924 409 1988 inchoetur
445 1924 583 1987 historia
614 1924 755 1987 Dotnznc
789 1946 828 1987 ne
859 1946 895 1986 cn
926 1945 986 1988 tra.
1056 1925 1171 1987 Medic
1201 1925 1369 2001 lectiones,
1399 1924 1443 1987 de

234 2021 351 2075 sancto
368 2009 520 2093 Sulpitio.
568 2012 607 2074 ln
625 2012 778 2076 laudibus
793 2032 910 2074 omnes
926 2012 1109 2094 antiphone
1124 2011 1287 2075 dicuntur.

223 2184 227 2193 ,
277 2129 312 2199 1Ι
336 2124 433 2186 Feria
448 2124 488 2188 ii.
504 2122 547 2186 de
562 2123 648 2187 sesto
664 2123 726 2186 loci
749 2174 756 2187 .
782 2133 816 2186 et
833 2123 993 2186 memoria
1008 2123 1051 2186 de
1067 2124 1215 2206 virg'ine.⁰

277 2242 311 2312 (Ι
336 2236 477 2298 Feria''
447 2236 498 2299 ‚ui
515 2235 558 2298 de
573 2245 689 2298 sancto
701 2235 919 2362 ‘Wulstano
911 2257 955 2300 rx.
972 2235 1131 2299 lectiones
1148 2238 1191 2298 de
1206 2235 1383 2299 communi

235 2434 428 2518 Capitulum
445 2433 612 2497 Iustorum
626 2436 742 2498 onirnc.

238 2547 432 2717 CQIfiFberia
461 2568 498 2611 .v.
529 2546 590 2609 de>
610 2558 726 2610 sancta
763 2546 908 2630 Agnete,
940 2547 984 2610 ix.
1016 2546 1182 2611 lectiones
1248 2546 1441 2630 Capitulum

263 2656 303 2698 on
330 2644 422 2697 teor.

278 2752 312 2822 01
336 2745 434 2809 Feria
449 2747 498 2809 .vi.
515 2746 557 2809 de
573 2757 690 2809 sancto
705 2746 895 2821 Vincentio,
912 2766 1034 2809 nouem
1052 2745 1218 2811 lectiones.

279 2864 314 2934 11
336 2858 498 2933 Sabbato,
515 2859 556 2921 de
572 2868 688 2920 sancta
705 2859 821 2922 Maria.

413 2976 446 3045 (Ι
471 2970 651 3033 Dominica
677 2970 726 3045 .ii.,
749 2980 823 3033 tota
847 2979 999 3034 cantetur
1025 2970 1170 3035 historia.
1227 2971 1265 3033 ln
1291 2971 1447 3035 laudibus

414 3079 481 3121 vna
496 3057 688 3139 antiphona.

281 3173 315 3244 01
338 3169 436 3232 Feria
451 3170 492 3269 ii,
507 3170 550 3232 de
565 3177 682 3232 sancto
695 3169 807 3246 Paulo,
824 3169 1059 3233 Inuitatorium
1076 3169 1209 3252 triplex,
1223 3171 1267 3235 ix.
1279 3170 1447 3234 lectiones,

282 3285 316 3356 01
340 3281 437 3344 Feria
451 3281 502 3345 iii.
518 3281 561 3344 de
578 3281 663 3345 festo
679 3280 750 3345 loci.

237 3022 300 3091 lan·
314 3019 370 3091 24]

283 3398 318 3468 11
342 3393 438 3456 Feria
462 3394 525 3458 iiii.
551 3394 593 3456 de
620 3403 736 3457 sancto
773 3394 911 3458 Iuliano.
967 3393 1160 3478 Capitulum
1188 3394 1270 3458 Ecce
1296 3394 1450 3459 sacerdos.

243 3479 477 3543 Inuitatorium
493 3481 630 3563 duplex,
646 3491 712 3544 tres
729 3480 894 3545 lectiones.

284 3597 318 3668 01
342 3593 439 3654 Feria
454 3614 491 3656 .v.
508 3593 550 3655 de
566 3603 681 3656 sancta
698 3593 841 3675 Agnete,
858 3595 1013 3657 secundo
1063 3595 1297 3658 Inuitatorium
1314 3594 1451 3676 duplex,

241 3687 309 3743 tres
325 3680 491 3744 lectiones.
537 3679 730 3762 Capitulum
747 3680 888 3743 Domine
902 3680 994 3744 Dens
1010 3703 1105 3746 orrens.

285 3792 503 3867 QIFeriani.
527 3795 569 3855 de
593 3792 694 3856 feria.⁷
741 3793 965 3874 Responsoria
992 3794 1078 3857 illius
1105 3794 1191 3858 ferie.
1240 3794 1394 3876 Epistola
1416 3804 1453 3856 et

243 3879 453 3961 euangelium
470 3880 511 3942 de
527 3882 653 3943 eadem.

275 4030 285 4061 ¹
302 4031 343 4080 No
354 4032 460 4092 heudino
472 4032 553 4081 here'
540 4049 569 4080 tn
581 4044 620 4096 95
658 4034 701 4080 Sec
707 4034 893 4097 precedingpo
885 4050 916 4082 e.

275 4095 287 4126 ²
307 4098 332 4145 T
328 4097 357 4145 Ιιι
368 4097 490 4161 chopiet'
479 4114 507 4144 cn
519 4108 551 4159 97
562 4100 616 4147 arrd
623 4111 653 4147 οι
667 4114 812 4147 commences
822 4099 882 4146 with
894 4099 935 4146 tlte
938 4099 1076 4174 following
1084 4108 1155 4148 note:
1157 4126 1189 4134 —

310 4162 379 4211 Nota
395 4162 463 4226 quod
479 4162 581 4227 quando
593 4164 652 4211 luna
663 4162 737 4211 currit
749 4179 793 4227 per
804 4164 836 4227 vj.
851 4174 877 4212 et
889 4164 970 4213 littera
981 4163 1140 4214 dominicalis
1154 4167 1194 4225 C,
1207 4173 1231 4214 et
1244 4163 1269 4213 in
1281 4163 1370 4214 eodem
1381 4179 1451 4212 anno

373 4227 445 4276 suerit
458 4228 576 4285 bisextus
590 4239 648 4277 tunc
657 4227 820 4292 accipietur4
834 4229 860 4277 C.

276 4291 511 4342 ”Collectaech
528 4295 547 4340 F
553 4293 620 4351 elice,
635 4294 662 4341 Β
679 4293 769 4351 Maria,
783 4294 907 4343 Omnibus
919 4293 1026 4353 Sanctis
1040 4295 1153 4353 ecclesia,
1167 4304 1191 4343 ct
1204 4311 1249 4359 pro
1261 4310 1331 4359 pace

277 4356 328 4406 et
340 4373 461 4406 memoua
472 4357 504 4407 de
516 4358 595 4408 sesto
613 4375 636 4406 o
637 4360 668 4407 td.
684 4357 725 4418 87,
736 4329 775 4407 88'.
908 4357 1096 4411 ⁶dominicall:
1114 4359 1155 4420 87,
1168 4359 1207 4409 88

276 4420 329 4473 ⁶5.
346 4422 435 4473 lrisca.
912 4423 1023 4475 ⁷ieriis:
1041 4436 1083 4487 97,
1095 4438 1135 4474 01.
