3326 5208
534 464 637 526 QUAR
643 466 668 514 Τ
667 465 728 515 Un!
747 465 775 515 C.
810 465 866 514 xix.
885 467 957 515 xiiii.
975 467 1014 515 xi.
1033 467 1075 516 iii.
1364 481 1414 530 229

247 622 281 693 (Ι
303 618 371 680 Vbi
395 618 480 682 fiunt
501 628 568 682 tres
591 618 935 696 commemorationes,
951 620 983 682 in
1000 620 1049 684 ‚vi
1066 618 1147 683 seria
1167 618 1226 683 fiat
1241 640 1307 683 vna
1322 641 1413 684 com·

206 707 410 768 memoratio.

381 816 618 892 {Dominica
647 816 697 879 .iii.
730 826 802 880 tota
823 826 975 881 cantetur
1000 817 1145 883 historia
1191 819 1231 881 In
1259 817 1413 882 laudibus

383 923 449 966 vna
463 902 656 986 antiphona

204 1099 214 1161 l
248 1014 402 1113 QFeria
431 1016 468 1078 ii.
500 1015 543 1078 de
573 1025 689 1078 sancta
720 1016 865 1099 Brigida,
895 1016 1129 1080 Inuitatorium
1160 1016 1316 1100 simplex,
1345 1027 1413 1081 tres

216 1112 372 1165 oenones.

245 1217 279 1288 (Ι
305 1214 400 1276 Feria
412 1214 464 1278 iii.
477 1213 597 1277 festum
613 1213 862 1292 Purificationis,
872 1216 980 1278 maius
992 1215 1127 1298 duplex.
1173 1216 1231 1279 Ad
1246 1218 1411 1280 secundas

202 1318 357 1450 {35ng
387 1301 517 1364 dicatur
554 1322 615 1384 pro
651 1300 780 1382 hymno
816 1302 1035 1365 Letabundus.
1088 1303 1193 1366 Nihil¹
1224 1304 1266 1366 de
1295 1316 1413 1368 sancto

245 1499 401 1575 (IFeria
437 1500 499 1563 ‚iiii
537 1500 580 1563 de
617 1512 735 1563 sancto
774 1500 894 1577 Blasio,
927 1500 1163 1564 Inuitatorium
1186 1501 1324 1585 duplex,
1345 1512 1414 1566 tres

204 1584 373 1650 lectiones.
417 1586 621 1669 Capitulum,
639 1587 756 1652 Omnis
764 1588 922 1669 pontifex.
1066 1581 1071 1593 ⁸

246 1703 280 1774 (Ι
305 1699 399 1761 Feria
415 1721 453 1762 .v.
468 1699 512 1762 de
525 1698 610 1763 sesto
626 1699 697 1763 loci.

245 1811 399 1886 (IFeria
425 1812 474 1874 .vi.
505 1810 548 1873 de
577 1820 694 1874 sancta
724 1810 870 1893 Agatha,
900 1812 945 1875 ix.
977 1812 1143 1875 lectiones.
1211 1811 1413 1896 Capitulum.

208 1896 393 1979 Confitebor.

244 2014 278 2085 (Ι
303 2009 464 2086 Sabbat0,
479 2010 522 2073 de
536 2019 653 2073 sancta
670 2010 786 2088 Maria,
801 2022 835 2074 et
852 2010 1011 2074 memoria
1026 2011 1069 2073 de
1084 2010 1296 2075 consessore.2

244 2122 369 2198 nvbi
400 2120 483 2185 fiunt
513 2130 582 2185 tres
611 2123 957 2197 commemorationes,
988 2124 1021 2184 in
1052 2123 1104 2186 .ii.³
1133 2122 1213 2186 seria
1251 2121 1310 2187 fiat
1346 2143 1413 2187 vna

203 2210 483 2284 commemoratio,
501 2219 534 2272 et
551 2210 712 2272 memoria
727 2211 769 2272 de
784 2210 931 2292 virgine.⁴

381 2319 418 2403 [k
455 2320 507 2402 .v.]
573 2321 809 2397 (IDominica
848 2322 918 2400 iiii,
965 2332 1037 2385 tota
1074 2332 1230 2385 cantetur
1266 2321 1412 2385 historia.

382 2409 422 2470 ln
439 2407 593 2472 laudibus
608 2429 726 2471 omnes
742 2409 926 2491 antiphone
941 2408 1102 2472 dicantur.

244 2524 278 2595 (Ι
304 2520 331 2582 F
333 2520 400 2581 eria
415 2520 452 2583 ii.
468 2519 512 2583 de
528 2520 615 2583 seria
665 2520 769 2582 Missa
787 2520 1018 2602 Saluspopuli.

245 2637 280 2707 (Ι
305 2632 400 2694 Feria
415 2632 463 2694 ,iii
480 2633 522 2694 de
539 2631 624 2695 sesto
639 2632 710 2695 loci.

206 864 338 937 lan-³1]

202 2372 271 2426 Feb.
285 2369 323 2441 7.]

201 2829 370 2894 lectiones.

244 2948 278 3019 (Ι
304 2944 331 3006 F
332 2943 400 3004 eria
415 2956 451 3005 .v.
468 2943 511 3005 de
527 2941 614 3006 seria.
661 2942 778 3004 Missa³
792 2952 911 3024 quarte
926 2940 1012 3005 serie.

245 3060 279 3131 (Ι
304 3055 400 3118 Feria
415 3055 464 3117 .vi.
480 3054 523 3117 de
539 3053 640 3117 seria:
665 3055 778 3117 missa⁶
793 3055 909 3136 quinte
924 3053 1098 3117 dominice.

244 3173 279 3243 (Ι
302 3166 463 3244 Sabbato,
478 3166 521 3229 de
535 3177 652 3230 sancta
669 3166 784 3230 Maria
823 3166 880 3230 Ad
898 3166 1033 3228 missam
1049 3216 1056 3229 .
1072 3164 1177 3244 Kyrie
1194 3165 1412 3246 Omnipotens,

203 3256 352 3337 Spiritus
366 3263 397 3316 et
411 3254 503 3329 alme,
519 3265 553 3317 et
567 3253 760 3316 Benedictus
774 3253 820 3315 M
817 3254 889 3315 are'e
893 3252 999 3334 filius.

243 3373 278 3443 (Ι
300 3366 368 3429 Vbi
385 3365 468 3429 fiunt
483 3376 550 3428 tres
565 3365 908 3443 commemorationes,
931 3365 963 3427 in
987 3364 1025 3428 ii.
1049 3363 1129 3427 seria
1152 3362 1210 3427 fiat
1232 3385 1299 3427 vna
1320 3384 1412 3427 com-

202 3454 410 3518 memoratio.

242 3571 277 3641 (Ι
301 3565 367 3628 Hic
381 3563 557 3628 claudatur
571 3563 713 3626 alleluia.

239 3683 274 3753 (Ι
297 3677 444 3760 Quando
481 3675 518 3738 fit
551 3676 725 3738 seruicium
764 3676 807 3739 de
846 3675 958 3757 aliquo
985 3673 1070 3738 sesto
1096 3674 1195 3736 trium
1220 3674 1410 3748 lectionum,

198 3785 301 3847 vsque
333 3764 377 3826 ad
403 3773 505 3844 caput
534 3763 654 3838 ieiunii,
681 3761 740 3825 fiat
764 3782 841 3825 cum
869 3772 1042 3839 nocturno,
1066 3772 1100 3824 et
1130 3761 1222 3824 nulla
1250 3761 1410 3824 memoria

200 3851 243 3914 de
259 3852 347 3914 seria

375 3959 409 4030 (Ι
434 3954 610 4016 Dominica
633 3954 666 4015 in
689 3952 780 4029 ‚lxm
805 3962 876 4016 tota
898 3961 1053 4014 cantetur
1068 3952 1213 4025 historia,
1224 3960 1258 4014 et
1275 3963 1409 4015 tantum

202 4006 270 4060 Feb·
288 4002 340 4075 ¹4]
377 4041 538 4103 memoria
549 4041 592 4103 de
607 4051 726 4103 sancto
741 4039 932 4102 Valentino.

240 4158 275 4228 (Ι
299 4152 395 4215 Feria
410 4154 448 4216 ii.
464 4153 507 4216 de
522 4152 608 4216 seria
655 4152 879 4234 Responsoria
894 4151 1030 4214 historie
1045 4150 1259 4214 dominicalis,
1306 4150 1411 4213 Missa

206 4239 307 4303 Salus
313 4241 435 4321 populi.

234 4399 242 4431 ¹
260 4412 285 4450 et
296 4401 374 4465 before
386 4401 466 4450 nihil:
484 4400 524 4461 87,
538 4399 578 4450 88.
811 4397 823 4428 ²
839 4398 865 4448 S.
884 4398 997 4448 Vedasto
1009 4400 1075 4457 (cum
1088 4399 1114 4449 S.
1128 4398 1265 4458 Amando).

234 4464 245 4496 ³
262 4466 305 4517 vi:
323 4466 364 4527 87,
378 4465 418 4515 88.
427 4474 568 4530 perperam.
812 4463 823 4493 ⁴
839 4466 866 4514 S.
882 4463 992 4527 Brigida.

232 4529 476 4581 'etbenremissaz
493 4530 534 4592 87,
547 4530 588 4580 88.
813 4526 1088 4592 ‘cumbeforemissaz
1106 4528 1147 4589 87,
1160 4526 1201 4579 88.
