3372 5224
272 468 319 518 106
598 466 874 517 DIRECTORIUM
888 465 933 516 SA
939 467 1093 517 CERDOT
1093 467 1155 517 ΗΜ.

314 616 469 772 {Feria
483 643 521 686 .v.
537 622 580 684 de
596 630 713 685 sancto
740 618 929 697 Laurentio,
946 618 992 683 ix.
1015 620 1182 684 lectiones.
1238 620 1472 684 Inuitatorium

269 709 336 792 trip
349 729 404 774 ex.

313 857 347 928 (Ι
371 849 468 913 Feria
483 849 533 912 .vi.
548 858 583 913 et
608 847 766 924 Sabbat0,
792 847 834 912 de
858 848 998 912 seruicio
1018 850 1234 924 octauamm,¹
1251 857 1286 912 et
1313 848 1473 912 memoria

268 940 312 1001 de
327 947 444 1002 sancto
460 936 663 1000 Laurentio.2

446 1080 481 1151 (Ι
504 1072 544 1155 [e.
560 1072 594 1156 i.]
649 1071 829 1135 Dominica
852 1071 904 1136 iii.
926 1073 969 1136 de
991 1082 1109 1137 sancto
1131 1072 1292 1155 Ypolito.⁸
1360 1073 1473 1136 Medie

269 1125 343 1193 Aug.
359 1122 412 1195 ¹3']
447 1160 607 1224 lectiones
636 1160 679 1222 de
709 1159 837 1223 octauis
870 1157 1029 1223 Nominis
1057 1160 1153 1235 lesu,⁴
1180 1171 1214 1223 et
1238 1160 1399 1224 memoria
1429 1160 1472 1223 de

273 1246 420 1310 Nomine
439 1248 524 1325 lesu,
539 1257 573 1311 et
589 1248 632 1309 de
652 1255 769 1310 sancto
786 1245 976 1319 Laurentio,
998 1248 1041 1309 de
1063 1246 1240 1322 dominica,
1256 1256 1290 1311 et
1305 1249 1348 1312 de
1363 1247 1472 1309 Trini-

273 1341 343 1397 tate
358 1356 366 1411 ;
389 1335 490 1398 missa
505 1333 715 1398 dominicalis
732 1334 764 1396 in
782 1333 931 1417 capitulo
945 1333 1072 1397 dicitur.

311 1473 346 1544 (Ι
370 1468 465 1531 Feria
491 1467 531 1531 ii.
553 1467 596 1530 de
618 1466 771 1540 octauis,²
795 1467 841 1529 ix.
866 1464 1034 1529 lectiones.
1081 1465 1314 1530 Inuitatorium
1337 1466 1470 1550 triplex.

269 1552 394 1619 Omnia
410 1555 494 1619 sicut
509 1556 542 1617 in
559 1554 667 1636 prima
683 1554 745 1627 die,
769 1561 880 1636 preter
902 1552 1069 1615 lectiones.
1114 1552 1228 1616 Medic
1254 1553 1411 1616 lectiones
1427 1554 1470 1616 de

266 1650 384 1705 sancto
409 1641 563 1715 Eusebio,
591 1649 624 1704 et
654 1641 814 1703 memoria
838 1640 881 1702 de
905 1649 1022 1704 sancto
1047 1639 1201 1716 Eusebio,
1222 1648 1256 1702 et
1278 1640 1321 1703 de
1343 1640 1470 1703 octauis

268 1729 374 1792 sancti
393 1729 582 1804 Laurentii;
606 1727 708 1790 missa
730 1726 773 1790 de
788 1726 914 1808 vigilia⁵
930 1725 963 1788 in
980 1726 1128 1810 capitulo
1142 1727 1270 1790 dicitur.
1316 1726 1470 1791 Secunde

266 1834 404 1898 vespere
419 1826 515 1878 erunt
540 1816 583 1879 de
608 1814 862 1896 Assumptione,
878 1821 912 1876 et
931 1813 1091 1877 memoria
1115 1815 1158 1878 de
1180 1814 1309 1877 octauis
1325 1814 1469 1877 nominis

269 1901 347 1966 Iesu
362 1902 426 1966 sub
441 1902 595 1966 silentio⁸

309 2042 344 2113 (Ι
367 2037 464 2099 Feria
478 2036 529 2099 iii.
546 2034 765 2117 Assumptiob
781 2034 879 2099 beate
896 2034 1002 2098 Marie
1017 2034 1139 2098 festum
1156 2033 1344 2117 principale

308 2178 343 2249 (Ι
366 2173 463 2236 Feria
478 2172 541 2235 iiii.
558 2172 599 2235 de
615 2172 743 2235 octauis
758 2181 843 2235 ‚tres
859 2171 1027 2247 lectiones,
1044 2181 1078 2235 et
1099 2172 1259 2235 memoria
1273 2172 1317 2234 de
1340 2171 1469 2234 octauis

264 2260 372 2324 sancti
390 2259 560 2323 Laurentii
576 2267 716 2322 tanturn.

309 2402 344 2473 (Ι
368 2396 464 2459 Feria
480 2418 519 2460 .v.
534 2398 577 2460 de
592 2396 719 2458 octauis
736 2394 1015 2479 Assumptionis,⁰
1035 2406 1102 2458 tres
1126 2393 1292 2467 lectiones,
1310 2395 1470 2461 memoria

265 2503 342 2547 curn
369 2484 470 2546 missa
486 2483 518 2545 in
541 2481 689 2566 capitulo
711 2483 754 2545 de
778 2493 900 2546 octaua
916 2483 1022 2546 sancti
1047 2481 1224 2545 Laurentii
1271 2482 1317 2546 Et
1340 2491 1419 2545 tunc
1435 2482 1467 2546 in

267 2589 399 2633 summa
415 2570 516 2633 missa
531 2570 622 2642 nulla
638 2569 805 2633 memoria.

330 2947 403 2998 Feria
422 2964 445 2997 v.
465 2949 498 2999 de
517 2960 606 3001 sancto
626 2951 774 3010 Laurencio‚
793 2967 896 3017 vespere
912 2961 985 3003 erunt
1002 2953 1033 3002 de
1051 2952 1114 3003 sesto
1130 2951 1188 3012 loci,
1202 2949 1322 3001 memoria
1333 2949 1365 3000 de
1376 2958 1466 3000 sancto

397 3013 536 3064 Laurencio
546 3024 571 3065 et
582 3016 614 3066 de
626 3025 712 3066 sancto
724 3016 857 3092 Tyburcio.

331 3079 404 3128 Feria
414 3078 446 3129 vi.
461 3079 493 3130 de
504 3080 567 3131 iesto
577 3081 636 3141 loci,
649 3098 769 3131 memorta
783 3082 815 3132 de
826 3093 922 3140 sancto,
935 3092 960 3132 et
971 3083 1003 3133 de
1014 3082 1117 3133 octauis.

330 3143 442 3194 Sabbato
448 3144 481 3195 de
489 3154 574 3196 sancta
585 3146 675 3207 Maria,
688 3160 713 3196 et
725 3148 844 3197 memoria
855 3149 886 3197 de
898 3148 1000 3198 octauis.
1032 3147 1083 3197 Vbi
1090 3148 1152 3198 fiunt
1161 3155 1211 3198 tres
1217 3145 1467 3197 commemorationes

396 3210 421 3258 in
430 3209 464 3260 iii.
475 3210 536 3261 feria
547 3212 590 3262 stat
602 3228 651 3260 vnn
662 3212 874 3262 commemoratio.
905 3214 946 3261 Ad
958 3229 1073 3277 vesperas
1084 3213 1116 3262 de
1127 3222 1214 3262 sancto
1223 3211 1337 3277 ipolito,
1346 3210 1467 3261 memoria

395 3274 532 3326 deoctaua
549 3277 623 3327 etde
640 3276 771 3338 Trinitate,
789 3288 814 3327 et
834 3278 958 3342 processio
976 3279 1026 3327 frat
1063 3278 1090 3329 Si
1108 3278 1155 3327 ista
1174 3277 1299 3326 dominica
1318 3277 1408 3326 debeat
1426 3275 1467 3325 hic

395 3340 497 3401 differri,
518 3352 576 3391 tunc
596 3343 664 3392 nulla
683 3343 730 3392 erit
749 3343 869 3393 memoria
886 3343 917 3393 de
937 3343 1072 3404 dominica,
1090 3359 1170 3407 neque
1187 3343 1219 3392 de
1235 3342 1368 3400 trinitate,
1386 3357 1467 3405 neque

395 3406 519 3470 processio
537 3407 588 3466 fiat,
606 3408 651 3457 sed
669 3416 765 3458 tantum
783 3408 903 3458 memoria
919 3408 951 3458 de
968 3408 1071 3458 octauis.
1109 3409 1168 3457 Hoc
1185 3416 1269 3458 tamen
1281 3422 1332 3456 non
1344 3406 1467 3471 contingit

394 3470 442 3520 nisi
458 3487 515 3521 cum
532 3472 621 3522 fuerint
637 3473 702 3522 xxvi
722 3475 761 3523 vel
779 3473 853 3523 xxvii.
873 3473 998 3523 dominice
1014 3472 1078 3523 inter
1094 3471 1222 3523 historiam
1234 3474 1306 3522 Deus
1315 3472 1429 3521 onmium
1441 3479 1467 3521 et

393 3538 528 3587 aduentum
541 3537 653 3587 Domini

330 3601 466 3651 Dominica
485 3602 520 3651 iii.
542 3602 573 3651 de
593 3612 680 3652 sancto
697 3604 812 3668 Ypolito,
831 3603 912 3653 medie
930 3603 1050 3653 lectiones
1066 3603 1097 3653 de
1114 3602 1209 3653 octauis
1225 3618 1281 3653 cum
1300 3600 1467 3666 Responsorio

398 3668 460 3716 ΟΥ
484 3669 535 3716 lile.
572 3668 713 3733 Capitulum
723 3670 952 3728 Iustorumam'me,
964 3678 989 3718 et
1001 3668 1121 3718 memoria
1131 3669 1163 3718 de
1174 3668 1269 3718 octauis
1279 3683 1335 3717 cum
1347 3666 1467 3717 memoria

395 3731 428 3781 de
456 3732 572 3789 ominioe.
586 3743 612 3783 et
623 3733 700 3783 missa
711 3733 736 3782 in
748 3733 866 3797 capitulo.

331 3795 404 3846 Feria
420 3796 446 3847 ii.
467 3797 499 3847 de
516 3807 604 3848 sancto
624 3798 742 3858 Eusebio,
761 3815 817 3848 cum
838 3806 966 3848 nocturno.
1003 3798 1082 3848 Missa
1099 3799 1131 3848 dc
1147 3797 1250 3862 vigilia:
1271 3796 1391 3847 memoria
1423 3795 1465 3845 Ad

395 3863 495 3912 missam
504 3862 536 3912 de
543 3872 629 3913 sancto
639 3864 757 3921 Eusebio,
767 3863 909 3923 deonotus,
918 3863 950 3913 de
958 3863 1083 3914 Omnibus
1090 3864 1188 3914 Sanctis
1196 3873 1220 3913 et
1230 3880 1275 3928 pro
1331 3862 1465 3913 eecclesie.

298 3989 307 4021 1
324 3991 349 4041 N
394 3928 426 4003 ln
438 3927 487 4042 lipe
498 3927 634 3978 officiomm
646 3944 697 3979 non
708 3929 799 3978 dicitur
810 3930 930 3979 Alleluia.
968 3928 1040 3979 Feria
1051 3929 1086 3979 iii.
1100 3928 1263 3994 Assumptio:
1280 3878 1373 3989 ἔξω

350 4008 440 4042 omtnn
466 4009 517 4043 esu

297 4055 308 4085 ²
324 4056 352 4108 Si
371 4057 461 4108 festum
481 4059 507 4108 S.
528 4058 624 4123 Vpoliti
641 4059 668 4109 in
690 4058 815 4109 dominica
831 4059 970 4124 contigerit„
991 4059 1072 4110 medie
1089 4059 1208 4109 lectiones
1224 4067 1295 4108 erunt
1317 4058 1349 4108 de
1370 4057 1466 4108 octauis

264 4121 330 4181 Iesu,
343 4131 368 4172 et
379 4122 499 4173 memoria
509 4132 605 4173 tantum
617 4125 648 4174 de
660 4125 686 4175 S.
702 4124 843 4174 laurentio.
881 4126 956 4174 Crede
967 4126 1006 4174 M.
1020 4127 1034 4185 ἕ
1048 4125 1102 4185 160,
1116 4141 1139 4189 p.
1155 4136 1194 4188 73.

295 4186 306 4215 ³
322 4187 354 4237 ix.
368 4188 502 4240 lectiones:
519 4191 575 4239 add.
589 4201 630 4252 97,
642 4203 682 4239 ot.

296 4251 307 4281 ⁴
323 4268 416 4303 nonum
429 4255 622 4330 Responsorium
634 4272 650 4304 a
661 4256 758 4305 duobus
768 4263 880 4305 cantetur
909 4263 991 4319 roptcr
1002 4264 1103 4305 octauas
1114 4274 1121 4306 ι
1132 4256 1189 4304 add.
1208 4266 1249 4317 97,
1262 4267 1303 4313 ot,
1316 4252 1356 4303 08.

297 4315 351 4354 ³-l
367 4328 423 4383 post
439 4319 550 4395 vigiliam
567 4320 658 4370 dicitur
673 4321 706 4369 ad
723 4320 861 4385 principale
876 4271 962 4370 allate.
999 4320 1118 4371 Similiter
1134 4320 1177 4370 fiat
1194 4321 1226 4370 de
1243 4319 1319 4370 missa
1338 4319 1364 4368 in
1380 4317 1465 4384 vigilia

264 4382 345 4434 sancti
357 4384 484 4435 Laurentti
495 4386 631 4436 solenniter
643 4404 650 4437 r
668 4397 708 4448 97,
721 4399 763 4445 οι,
775 4386 816 4435 08.
852 4386 891 4436 Cl.
909 4387 983 4436 Crede
994 4386 1087 4445 Michr',
1099 4388 1113 4446 ξ
1125 4384 1165 4450 58,
1178 4401 1202 4451 p.
1222 4400 1263 4448 44.
1299 4383 1346 4435 See
1357 4385 1411 4435 also
1422 4385 1465 4435 the

264 4448 308 4543 pie⁸
317 4448 454 4565 ῙΞίειὲῑεάιίιι
464 4450 507 4525 the
518 4451 650 4565 8Bretgrigttry,
662 4467 687 4516 p.
702 4453 805 4502 mccxlv.

375 4530 500 4567 enstonts:
535 4528 559 4578 7,
605 4553 611 4566 .
