<?xml version="1.0" encoding="UTF-8"?>
<!DOCTYPE html PUBLIC "-//W3C//DTD XHTML 1.0 Transitional//EN"
    "http://www.w3.org/TR/xhtml1/DTD/xhtml1-transitional.dtd">
<html xmlns="http://www.w3.org/1999/xhtml" xml:lang="en" lang="en">
 <head>
  <title>
</title>
<meta http-equiv="Content-Type" content="text/html;charset=utf-8" />
  <meta name='ocr-system' content='tesseract 3.04.00' />
  <meta name='ocr-capabilities' content='ocr_page ocr_carea ocr_par ocr_line ocrx_word'/>
</head>
<body>
  <div class='ocr_page' id='page_1' title='image "./ordinalesarvmsi00cathgoog_0340.png"; bbox 0 0 3326 5208; ppageno 0'>
   <div class='ocr_carea' id='block_1_1' title="bbox 521 454 1395 520">
    <p class='ocr_par' dir='ltr' id='par_1_1' title="bbox 521 454 1395 520">
     <span class='ocr_line' id='line_1_1' title="bbox 521 454 1395 520; baseline 0.003 -17"><span class='ocrx_word' id='word_1_1' title='bbox 521 454 623 514; x_wconf 79' lang='lat' dir='ltr'><em>QUAR</em></span> <span class='ocrx_word' id='word_1_2' title='bbox 628 454 653 502; x_wconf 83' lang='grc' dir='ltr'><em>Τ</em></span> <span class='ocrx_word' id='word_1_3' title='bbox 653 454 713 503; x_wconf 77' lang='lat' dir='ltr'>UM</span> <span class='ocrx_word' id='word_1_4' title='bbox 733 454 760 503; x_wconf 74' lang='lat' dir='ltr'>C,</span> <span class='ocrx_word' id='word_1_5' title='bbox 796 455 852 502; x_wconf 79' lang='lat' dir='ltr'>xix.</span> <span class='ocrx_word' id='word_1_6' title='bbox 871 455 943 502; x_wconf 76' lang='lat' dir='ltr'>xiiii.</span> <span class='ocrx_word' id='word_1_7' title='bbox 962 455 999 503; x_wconf 83' lang='lat' dir='ltr'>xi.</span> <span class='ocrx_word' id='word_1_8' title='bbox 1020 455 1061 504; x_wconf 74' lang='lat' dir='ltr'>iii.</span> <span class='ocrx_word' id='word_1_9' title='bbox 1350 470 1395 520; x_wconf 79' lang='lat'>231</span> 
     </span>
    </p>
   </div>
   <div class='ocr_carea' id='block_1_2' title="bbox 192 603 1398 777">
    <p class='ocr_par' dir='ltr' id='par_1_2' title="bbox 192 603 1398 777">
     <span class='ocr_line' id='line_1_2' title="bbox 234 603 1398 691; baseline 0.007 -27"><span class='ocrx_word' id='word_1_10' title='bbox 234 608 267 678; x_wconf 94' lang='grc' dir='ltr'><strong>(Ι</strong></span> <span class='ocrx_word' id='word_1_11' title='bbox 292 603 387 665; x_wconf 89' lang='lat' dir='ltr'>Feria</span> <span class='ocrx_word' id='word_1_12' title='bbox 401 606 449 669; x_wconf 88' lang='lat' dir='ltr'>.vi.</span> <span class='ocrx_word' id='word_1_13' title='bbox 466 605 509 669; x_wconf 74' lang='lat' dir='ltr'>de</span> <span class='ocrx_word' id='word_1_14' title='bbox 531 619 649 669; x_wconf 88' lang='lat' dir='ltr'>sancto</span> <span class='ocrx_word' id='word_1_15' title='bbox 664 606 834 689; x_wconf 86' lang='lat' dir='ltr'>Gregorio,</span> <span class='ocrx_word' id='word_1_16' title='bbox 854 606 993 670; x_wconf 84' lang='lat' dir='ltr'>Inferius</span> <span class='ocrx_word' id='word_1_17' title='bbox 1008 607 1146 691; x_wconf 81' lang='lat' dir='ltr'>duplex,</span> <span class='ocrx_word' id='word_1_18' title='bbox 1161 609 1205 672; x_wconf 85' lang='lat' dir='ltr'>ix.</span> <span class='ocrx_word' id='word_1_19' title='bbox 1222 608 1398 672; x_wconf 88' lang='lat' dir='ltr'>lectiones:</span> 
     </span>
     <span class='ocr_line' id='line_1_3' title="bbox 192 689 1397 777; baseline 0.006 -24"><span class='ocrx_word' id='word_1_20' title='bbox 192 689 385 772; x_wconf 85' lang='lat' dir='ltr'>Capitulum</span> <span class='ocrx_word' id='word_1_21' title='bbox 401 691 481 755; x_wconf 81' lang='lat' dir='ltr'>Ecce</span> <span class='ocrx_word' id='word_1_22' title='bbox 500 694 653 757; x_wconf 80' lang='lat' dir='ltr'><em>sacerdos.</em></span> <span class='ocrx_word' id='word_1_23' title='bbox 702 695 739 756; x_wconf 91' lang='lat' dir='ltr'>ln</span> <span class='ocrx_word' id='word_1_24' title='bbox 758 694 911 757; x_wconf 88' lang='lat' dir='ltr'>laudibus</span> <span class='ocrx_word' id='word_1_25' title='bbox 926 695 1119 777; x_wconf 89' lang='lat' dir='ltr'>capitulum,</span> <span class='ocrx_word' id='word_1_26' title='bbox 1133 695 1397 760; x_wconf 81' lang='lat' dir='ltr'>Benedictionem.</span> 
     </span>
    </p>
   </div>
   <div class='ocr_carea' id='block_1_3' title="bbox 190 819 1398 1198">
    <p class='ocr_par' dir='ltr' id='par_1_3' title="bbox 192 819 1373 901">
     <span class='ocr_line' id='line_1_4' title="bbox 192 819 1373 901; baseline 0.005 -22"><span class='ocrx_word' id='word_1_27' title='bbox 192 827 292 880; x_wconf 86' lang='lat' dir='ltr'>March</span> <span class='ocrx_word' id='word_1_28' title='bbox 310 823 362 896; x_wconf 78' lang='lat'>14]</span> <span class='ocrx_word' id='word_1_29' title='bbox 391 823 424 893; x_wconf 93' lang='grc' dir='ltr'><strong>(Ι</strong></span> <span class='ocrx_word' id='word_1_30' title='bbox 449 819 625 881; x_wconf 88' lang='lat' dir='ltr'>Dominica</span> <span class='ocrx_word' id='word_1_31' title='bbox 640 819 677 882; x_wconf 89' lang='lat' dir='ltr'>.ii.</span> <span class='ocrx_word' id='word_1_32' title='bbox 694 820 960 901; x_wconf 84' lang='lat' dir='ltr'>quadragesime,</span> <span class='ocrx_word' id='word_1_33' title='bbox 975 829 1048 883; x_wconf 91' lang='lat' dir='ltr'>tota</span> <span class='ocrx_word' id='word_1_34' title='bbox 1063 830 1215 883; x_wconf 89' lang='lat' dir='ltr'>cantetur</span> <span class='ocrx_word' id='word_1_35' title='bbox 1230 822 1373 885; x_wconf 90' lang='lat' dir='ltr'>historia.</span> 
     </span>
    </p>

    <p class='ocr_par' dir='ltr' id='par_1_4' title="bbox 190 943 1398 1198">
     <span class='ocr_line' id='line_1_5' title="bbox 233 943 1398 1020; baseline 0.003 -15"><span class='ocrx_word' id='word_1_36' title='bbox 233 948 267 1018; x_wconf 93' lang='grc' dir='ltr'><strong>(Ι</strong></span> <span class='ocrx_word' id='word_1_37' title='bbox 291 943 388 1005; x_wconf 91' lang='lat' dir='ltr'>Feria</span> <span class='ocrx_word' id='word_1_38' title='bbox 412 943 449 1005; x_wconf 92' lang='lat' dir='ltr'>.ii.</span> <span class='ocrx_word' id='word_1_39' title='bbox 474 943 522 1006; x_wconf 85' lang='lat' dir='ltr'>iii.</span> <span class='ocrx_word' id='word_1_40' title='bbox 548 943 607 1006; x_wconf 86' lang='lat' dir='ltr'>iiii.</span> <span class='ocrx_word' id='word_1_41' title='bbox 633 951 667 1005; x_wconf 85' lang='lat' dir='ltr'>et</span> <span class='ocrx_word' id='word_1_42' title='bbox 693 944 751 1020; x_wconf 89' lang='lat' dir='ltr'>.vi.,</span> <span class='ocrx_word' id='word_1_43' title='bbox 779 944 822 1006; x_wconf 91' lang='lat' dir='ltr'>de</span> <span class='ocrx_word' id='word_1_44' title='bbox 846 945 974 1007; x_wconf 88' lang='lat' dir='ltr'>ieiunio.</span> <span class='ocrx_word' id='word_1_45' title='bbox 1022 944 1061 1006; x_wconf 90' lang='lat' dir='ltr'>In</span> <span class='ocrx_word' id='word_1_46' title='bbox 1088 945 1148 1008; x_wconf 86' lang='lat' dir='ltr'>iiii.</span> <span class='ocrx_word' id='word_1_47' title='bbox 1166 943 1246 1007; x_wconf 81' lang='lat' dir='ltr'>seria</span> <span class='ocrx_word' id='word_1_48' title='bbox 1269 947 1398 1008; x_wconf 91' lang='lat' dir='ltr'>dicatur</span> 
     </span>
     <span class='ocr_line' id='line_1_6' title="bbox 190 1030 1398 1116; baseline 0.004 -26"><span class='ocrx_word' id='word_1_49' title='bbox 190 1049 293 1092; x_wconf 91' lang='lat' dir='ltr'>vnum</span> <span class='ocrx_word' id='word_1_50' title='bbox 319 1030 580 1111; x_wconf 88' lang='lat' dir='ltr'>Responsorium</span> <span class='ocrx_word' id='word_1_51' title='bbox 607 1030 726 1103; x_wconf 84' lang='lat' dir='ltr'>feriale,</span> <span class='ocrx_word' id='word_1_52' title='bbox 743 1042 775 1093; x_wconf 86' lang='lat' dir='ltr'>et</span> <span class='ocrx_word' id='word_1_53' title='bbox 802 1031 891 1107; x_wconf 83' lang='lat' dir='ltr'>aliud</span> <span class='ocrx_word' id='word_1_54' title='bbox 908 1032 941 1092; x_wconf 87' lang='lat' dir='ltr'>in</span> <span class='ocrx_word' id='word_1_55' title='bbox 968 1031 1016 1094; x_wconf 90' lang='lat' dir='ltr'>.vi.</span> <span class='ocrx_word' id='word_1_56' title='bbox 1044 1030 1131 1094; x_wconf 90' lang='lat' dir='ltr'>seria.</span> <span class='ocrx_word' id='word_1_57' title='bbox 1178 1033 1222 1094; x_wconf 86' lang='lat' dir='ltr'>Et</span> <span class='ocrx_word' id='word_1_58' title='bbox 1247 1033 1398 1116; x_wconf 88' lang='lat' dir='ltr'>Respon-</span> 
     </span>
     <span class='ocr_line' id='line_1_7' title="bbox 192 1117 779 1198; baseline 0.005 -21"><span class='ocrx_word' id='word_1_59' title='bbox 192 1117 316 1179; x_wconf 87' lang='lat' dir='ltr'>sorium</span> <span class='ocrx_word' id='word_1_60' title='bbox 332 1117 444 1191; x_wconf 75' lang='lat' dir='ltr'>Potor,</span> <span class='ocrx_word' id='word_1_61' title='bbox 453 1119 586 1198; x_wconf 81' lang='lat' dir='ltr'>peccaui</span> <span class='ocrx_word' id='word_1_62' title='bbox 599 1119 779 1180; x_wconf 87' lang='lat' dir='ltr'>omittatur.</span> 
     </span>
    </p>
   </div>
   <div class='ocr_carea' id='block_1_4' title="bbox 191 1240 1398 1497">
    <p class='ocr_par' dir='ltr' id='par_1_5' title="bbox 191 1240 1398 1497">
     <span class='ocr_line' id='line_1_8' title="bbox 234 1240 1398 1326; baseline 0.003 -22"><span class='ocrx_word' id='word_1_63' title='bbox 234 1247 268 1316; x_wconf 99' lang='grc' dir='ltr'><strong>(Ι</strong></span> <span class='ocrx_word' id='word_1_64' title='bbox 293 1242 389 1304; x_wconf 88' lang='lat' dir='ltr'>Feria</span> <span class='ocrx_word' id='word_1_65' title='bbox 398 1264 435 1305; x_wconf 88' lang='grc' dir='ltr'>.ν.</span> <span class='ocrx_word' id='word_1_66' title='bbox 445 1240 489 1304; x_wconf 90' lang='lat' dir='ltr'>de</span> <span class='ocrx_word' id='word_1_67' title='bbox 500 1252 616 1305; x_wconf 88' lang='lat' dir='ltr'>sancto</span> <span class='ocrx_word' id='word_1_68' title='bbox 630 1242 804 1305; x_wconf 73' lang='lat' dir='ltr'>Eduardo,</span> <span class='ocrx_word' id='word_1_69' title='bbox 836 1241 892 1305; x_wconf 88' lang='lat' dir='ltr'>Ad</span> <span class='ocrx_word' id='word_1_70' title='bbox 904 1243 1028 1323; x_wconf 90' lang='lat' dir='ltr'>primas</span> <span class='ocrx_word' id='word_1_71' title='bbox 1039 1263 1193 1324; x_wconf 84' lang='lat' dir='ltr'>vesperas</span> <span class='ocrx_word' id='word_1_72' title='bbox 1206 1243 1398 1326; x_wconf 83' lang='lat' dir='ltr'>antiphona.</span> 
     </span>
     <span class='ocr_line' id='line_1_9' title="bbox 191 1328 1398 1414; baseline 0.003 -24"><span class='ocrx_word' id='word_1_73' title='bbox 191 1328 258 1390; x_wconf 77' lang='lat' dir='ltr'>Iste</span> <span class='ocrx_word' id='word_1_74' title='bbox 277 1338 408 1390; x_wconf 84' lang='lat' dir='ltr'>sanctus</span> <span class='ocrx_word' id='word_1_75' title='bbox 420 1352 433 1391; x_wconf 88' lang='lat'>.·</span> <span class='ocrx_word' id='word_1_76' title='bbox 456 1328 656 1410; x_wconf 86' lang='lat' dir='ltr'>Capitulum.</span> <span class='ocrx_word' id='word_1_77' title='bbox 706 1329 825 1391; x_wconf 82' lang='lat' dir='ltr'>Beatus</span> <span class='ocrx_word' id='word_1_78' title='bbox 839 1330 896 1390; x_wconf 82' lang='lat' dir='ltr'>vir</span> <span class='ocrx_word' id='word_1_79' title='bbox 915 1329 1023 1410; x_wconf 81' lang='lat' dir='ltr'>quiin</span> <span class='ocrx_word' id='word_1_80' title='bbox 1038 1330 1222 1410; x_wconf 79' lang='lat' dir='ltr'>sopientto:</span> <span class='ocrx_word' id='word_1_81' title='bbox 1246 1331 1398 1414; x_wconf 88' lang='lat' dir='ltr'>Respon-</span> 
     </span>
     <span class='ocr_line' id='line_1_10' title="bbox 191 1414 986 1497; baseline 0.004 -21"><span class='ocrx_word' id='word_1_82' title='bbox 191 1416 315 1477; x_wconf 87' lang='lat' dir='ltr'>sorium</span> <span class='ocrx_word' id='word_1_83' title='bbox 331 1416 453 1478; x_wconf 81' lang='lat' dir='ltr'>Beatus</span> <span class='ocrx_word' id='word_1_84' title='bbox 468 1417 525 1477; x_wconf 84' lang='lat' dir='ltr'>vir</span> <span class='ocrx_word' id='word_1_85' title='bbox 537 1416 598 1497; x_wconf 84' lang='lat' dir='ltr'>qui</span> <span class='ocrx_word' id='word_1_86' title='bbox 608 1414 724 1494; x_wconf 78' lang='lat' dir='ltr'>suffert</span> <span class='ocrx_word' id='word_1_87' title='bbox 738 1465 745 1478; x_wconf 89' lang='lat'><strong>.</strong></span> <span class='ocrx_word' id='word_1_88' title='bbox 761 1417 805 1478; x_wconf 88' lang='lat' dir='ltr'>ix.</span> <span class='ocrx_word' id='word_1_89' title='bbox 821 1415 986 1480; x_wconf 88' lang='lat' dir='ltr'>lectiones.</span> 
     </span>
    </p>
   </div>
   <div class='ocr_carea' id='block_1_5' title="bbox 192 1539 1400 1708">
    <p class='ocr_par' dir='ltr' id='par_1_6' title="bbox 192 1539 1400 1708">
     <span class='ocr_line' id='line_1_11' title="bbox 233 1539 1400 1640; baseline 0.002 -37"><span class='ocrx_word' id='word_1_90' title='bbox 233 1539 451 1640; x_wconf 49' lang='lat' dir='ltr'>QSabbato,</span> <span class='ocrx_word' id='word_1_91' title='bbox 488 1542 531 1602; x_wconf 88' lang='lat' dir='ltr'>de</span> <span class='ocrx_word' id='word_1_92' title='bbox 561 1551 677 1603; x_wconf 91' lang='lat' dir='ltr'>sancto</span> <span class='ocrx_word' id='word_1_93' title='bbox 714 1539 909 1617; x_wconf 87' lang='lat' dir='ltr'>Cuthbert0,</span> <span class='ocrx_word' id='word_1_94' title='bbox 946 1541 990 1604; x_wconf 87' lang='lat' dir='ltr'>ix.</span> <span class='ocrx_word' id='word_1_95' title='bbox 1029 1540 1195 1618; x_wconf 84' lang='lat' dir='ltr'>lectiones,</span> <span class='ocrx_word' id='word_1_96' title='bbox 1232 1542 1302 1605; x_wconf 91' lang='lat' dir='ltr'>sine</span> <span class='ocrx_word' id='word_1_97' title='bbox 1340 1563 1400 1606; x_wconf 89' lang='lat' dir='ltr'>ex-</span> 
     </span>
     <span class='ocr_line' id='line_1_12' title="bbox 192 1639 364 1708; baseline 0 -19"><span class='ocrx_word' id='word_1_98' title='bbox 192 1639 364 1708; x_wconf 80' lang='lat' dir='ltr'>positione.</span> 
     </span>
    </p>
   </div>
   <div class='ocr_carea' id='block_1_6' title="bbox 192 1738 1384 2067">
    <p class='ocr_par' dir='ltr' id='par_1_7' title="bbox 192 1738 1384 2067">
     <span class='ocr_line' id='line_1_13' title="bbox 192 1738 1384 1820; baseline 0.001 -17"><span class='ocrx_word' id='word_1_99' title='bbox 192 1751 293 1803; x_wconf 83' lang='lat' dir='ltr'>March</span> <span class='ocrx_word' id='word_1_100' title='bbox 308 1747 363 1819; x_wconf 69' lang='lat' dir='ltr'>on]</span> <span class='ocrx_word' id='word_1_101' title='bbox 391 1745 425 1815; x_wconf 93' lang='grc' dir='ltr'><strong>(Ι</strong></span> <span class='ocrx_word' id='word_1_102' title='bbox 449 1739 627 1803; x_wconf 90' lang='lat' dir='ltr'>Dominica</span> <span class='ocrx_word' id='word_1_103' title='bbox 641 1739 690 1802; x_wconf 83' lang='lat' dir='ltr'>iii.</span> <span class='ocrx_word' id='word_1_104' title='bbox 707 1738 970 1820; x_wconf 84' lang='lat' dir='ltr'>quadragesime,</span> <span class='ocrx_word' id='word_1_105' title='bbox 986 1748 1058 1803; x_wconf 86' lang='lat' dir='ltr'>tota</span> <span class='ocrx_word' id='word_1_106' title='bbox 1073 1749 1225 1803; x_wconf 87' lang='lat' dir='ltr'>cantetur</span> <span class='ocrx_word' id='word_1_107' title='bbox 1240 1741 1384 1804; x_wconf 88' lang='lat' dir='ltr'>historia.</span> 
     </span>
     <span class='ocr_line' id='line_1_14' title="bbox 234 1865 1282 1945; baseline -0.002 -15"><span class='ocrx_word' id='word_1_108' title='bbox 234 1873 268 1942; x_wconf 85' lang='grc' dir='ltr'><strong>(Ι</strong></span> <span class='ocrx_word' id='word_1_109' title='bbox 293 1868 430 1930; x_wconf 84' lang='lat' dir='ltr'>Festum</span> <span class='ocrx_word' id='word_1_110' title='bbox 447 1866 552 1928; x_wconf 90' lang='lat' dir='ltr'>sancti</span> <span class='ocrx_word' id='word_1_111' title='bbox 571 1865 740 1928; x_wconf 88' lang='lat' dir='ltr'>Benedicti</span> <span class='ocrx_word' id='word_1_112' title='bbox 757 1865 928 1928; x_wconf 81' lang='lat' dir='ltr'>differatur</span> <span class='ocrx_word' id='word_1_113' title='bbox 941 1866 974 1927; x_wconf 91' lang='lat' dir='ltr'>in</span> <span class='ocrx_word' id='word_1_114' title='bbox 991 1866 1179 1930; x_wconf 89' lang='lat' dir='ltr'>crastinum.</span> <span class='ocrx_word' id='word_1_115' title='bbox 1275 1936 1282 1945; x_wconf 55' lang='lat'>‚</span> 
     </span>
     <span class='ocr_line' id='line_1_15' title="bbox 233 1990 1078 2067; baseline 0.001 -14"><span class='ocrx_word' id='word_1_116' title='bbox 233 1998 267 2067; x_wconf 99' lang='grc' dir='ltr'><strong>(Ι</strong></span> <span class='ocrx_word' id='word_1_117' title='bbox 292 1992 319 2053; x_wconf 90' lang='lat' dir='ltr'>F</span> <span class='ocrx_word' id='word_1_118' title='bbox 320 1992 387 2053; x_wconf 89' lang='lat' dir='ltr'>eria</span> <span class='ocrx_word' id='word_1_119' title='bbox 402 1991 440 2054; x_wconf 91' lang='lat' dir='ltr'>.ii.</span> <span class='ocrx_word' id='word_1_120' title='bbox 456 1992 499 2053; x_wconf 89' lang='lat' dir='ltr'>de</span> <span class='ocrx_word' id='word_1_121' title='bbox 514 2000 631 2052; x_wconf 88' lang='lat' dir='ltr'>sancto</span> <span class='ocrx_word' id='word_1_122' title='bbox 647 1990 837 2067; x_wconf 90' lang='lat' dir='ltr'>Benedicto,</span> <span class='ocrx_word' id='word_1_123' title='bbox 852 1991 896 2054; x_wconf 90' lang='lat' dir='ltr'>ix.</span> <span class='ocrx_word' id='word_1_124' title='bbox 914 1990 1078 2054; x_wconf 89' lang='lat' dir='ltr'>lectiones.</span> 
     </span>
    </p>
   </div>
   <div class='ocr_carea' id='block_1_7' title="bbox 192 2113 1401 2284">
    <p class='ocr_par' dir='ltr' id='par_1_8' title="bbox 192 2113 1401 2284">
     <span class='ocr_line' id='line_1_16' title="bbox 234 2113 1401 2190; baseline 0 -13"><span class='ocrx_word' id='word_1_125' title='bbox 234 2121 268 2190; x_wconf 85' lang='grc' dir='ltr'><strong>(Ι</strong></span> <span class='ocrx_word' id='word_1_126' title='bbox 293 2116 389 2177; x_wconf 88' lang='lat' dir='ltr'>Feria</span> <span class='ocrx_word' id='word_1_127' title='bbox 400 2116 449 2178; x_wconf 83' lang='lat' dir='ltr'>iii.</span> <span class='ocrx_word' id='word_1_128' title='bbox 465 2115 525 2177; x_wconf 87' lang='lat' dir='ltr'>iiii.</span> <span class='ocrx_word' id='word_1_129' title='bbox 541 2116 590 2177; x_wconf 90' lang='lat' dir='ltr'>.vi.</span> <span class='ocrx_word' id='word_1_130' title='bbox 614 2126 647 2178; x_wconf 88' lang='lat' dir='ltr'>et</span> <span class='ocrx_word' id='word_1_131' title='bbox 670 2114 812 2177; x_wconf 88' lang='lat' dir='ltr'>sabbato</span> <span class='ocrx_word' id='word_1_132' title='bbox 828 2115 870 2176; x_wconf 91' lang='lat' dir='ltr'>de</span> <span class='ocrx_word' id='word_1_133' title='bbox 886 2114 1016 2177; x_wconf 90' lang='lat' dir='ltr'>ieiunio.</span> <span class='ocrx_word' id='word_1_134' title='bbox 1061 2114 1190 2178; x_wconf 88' lang='lat' dir='ltr'>Tamen</span> <span class='ocrx_word' id='word_1_135' title='bbox 1207 2116 1240 2177; x_wconf 93' lang='lat' dir='ltr'>in</span> <span class='ocrx_word' id='word_1_136' title='bbox 1257 2116 1305 2179; x_wconf 90' lang='lat' dir='ltr'>.vi.</span> <span class='ocrx_word' id='word_1_137' title='bbox 1322 2113 1401 2177; x_wconf 85' lang='lat' dir='ltr'>seria</span> 
     </span>
     <span class='ocr_line' id='line_1_17' title="bbox 192 2200 1320 2284; baseline 0.001 -20"><span class='ocrx_word' id='word_1_138' title='bbox 192 2203 320 2265; x_wconf 87' lang='lat' dir='ltr'>dicatur</span> <span class='ocrx_word' id='word_1_139' title='bbox 336 2203 479 2284; x_wconf 86' lang='lat' dir='ltr'>primurn</span> <span class='ocrx_word' id='word_1_140' title='bbox 497 2203 757 2284; x_wconf 90' lang='lat' dir='ltr'>Responsorium</span> <span class='ocrx_word' id='word_1_141' title='bbox 775 2200 893 2277; x_wconf 82' lang='lat' dir='ltr'>feriale,</span> <span class='ocrx_word' id='word_1_142' title='bbox 909 2214 943 2264; x_wconf 89' lang='lat' dir='ltr'>et</span> <span class='ocrx_word' id='word_1_143' title='bbox 959 2202 1023 2263; x_wconf 89' lang='lat' dir='ltr'>alia</span> <span class='ocrx_word' id='word_1_144' title='bbox 1038 2202 1106 2265; x_wconf 93' lang='lat' dir='ltr'>duo</span> <span class='ocrx_word' id='word_1_145' title='bbox 1121 2203 1154 2263; x_wconf 92' lang='lat' dir='ltr'>in</span> <span class='ocrx_word' id='word_1_146' title='bbox 1170 2203 1320 2265; x_wconf 88' lang='lat' dir='ltr'>sabbato.</span> 
     </span>
    </p>
   </div>
   <div class='ocr_carea' id='block_1_8' title="bbox 192 2325 1403 2671">
    <p class='ocr_par' dir='ltr' id='par_1_9' title="bbox 192 2325 1403 2671">
     <span class='ocr_line' id='line_1_18' title="bbox 235 2325 1400 2409; baseline 0.001 -21"><span class='ocrx_word' id='word_1_147' title='bbox 235 2333 269 2402; x_wconf 92' lang='grc' dir='ltr'><strong>(Ι</strong></span> <span class='ocrx_word' id='word_1_148' title='bbox 294 2327 321 2389; x_wconf 91' lang='lat' dir='ltr'>F</span> <span class='ocrx_word' id='word_1_149' title='bbox 323 2327 391 2389; x_wconf 83' lang='lat' dir='ltr'>ecia</span> <span class='ocrx_word' id='word_1_150' title='bbox 406 2348 442 2390; x_wconf 84' lang='lat' dir='ltr'>.v.</span> <span class='ocrx_word' id='word_1_151' title='bbox 456 2325 576 2389; x_wconf 88' lang='lat' dir='ltr'>sestum</span> <span class='ocrx_word' id='word_1_152' title='bbox 590 2325 870 2389; x_wconf 86' lang='lat' dir='ltr'>Annunciationis</span> <span class='ocrx_word' id='word_1_153' title='bbox 881 2327 978 2389; x_wconf 89' lang='lat' dir='ltr'>beate</span> <span class='ocrx_word' id='word_1_154' title='bbox 990 2326 1104 2401; x_wconf 90' lang='lat' dir='ltr'>Marie,</span> <span class='ocrx_word' id='word_1_155' title='bbox 1118 2325 1252 2401; x_wconf 82' lang='lat' dir='ltr'>maius†l</span> <span class='ocrx_word' id='word_1_156' title='bbox 1264 2327 1400 2409; x_wconf 86' lang='lat' dir='ltr'>duplex.</span> 
     </span>
     <span class='ocr_line' id='line_1_19' title="bbox 194 2413 1403 2496; baseline -0.001 -19"><span class='ocrx_word' id='word_1_157' title='bbox 194 2415 249 2477; x_wconf 84' lang='lat' dir='ltr'>Ad</span> <span class='ocrx_word' id='word_1_158' title='bbox 263 2425 439 2496; x_wconf 90' lang='lat' dir='ltr'>vtrumque</span> <span class='ocrx_word' id='word_1_159' title='bbox 454 2413 708 2496; x_wconf 89' lang='lat' dir='ltr'>completorium</span> <span class='ocrx_word' id='word_1_160' title='bbox 721 2414 841 2475; x_wconf 84' lang='lat' dir='ltr'>dicitur</span> <span class='ocrx_word' id='word_1_161' title='bbox 856 2434 969 2475; x_wconf 83' lang='lat' dir='ltr'>versus</span> <span class='ocrx_word' id='word_1_162' title='bbox 981 2413 1096 2476; x_wconf 84' lang='lat' dir='ltr'>Gloria</span> <span class='ocrx_word' id='word_1_163' title='bbox 1105 2414 1174 2490; x_wconf 83' lang='lat' dir='ltr'>tibi,</span> <span class='ocrx_word' id='word_1_164' title='bbox 1184 2414 1332 2489; x_wconf 81' lang='lat' dir='ltr'>Domine,</span> <span class='ocrx_word' id='word_1_165' title='bbox 1344 2415 1403 2494; x_wconf 87' lang='lat' dir='ltr'>qui</span> 
     </span>
     <span class='ocr_line' id='line_1_20' title="bbox 192 2500 1400 2583; baseline 0 -20"><span class='ocrx_word' id='word_1_166' title='bbox 192 2512 297 2564; x_wconf 84' lang='lat' dir='ltr'>notus.</span> <span class='ocrx_word' id='word_1_167' title='bbox 353 2501 398 2564; x_wconf 85' lang='lat' dir='ltr'>Et</span> <span class='ocrx_word' id='word_1_168' title='bbox 424 2500 574 2583; x_wconf 89' lang='lat' dir='ltr'>pulsetur</span> <span class='ocrx_word' id='word_1_169' title='bbox 603 2501 646 2562; x_wconf 92' lang='lat' dir='ltr'>ad</span> <span class='ocrx_word' id='word_1_170' title='bbox 670 2512 779 2562; x_wconf 90' lang='lat' dir='ltr'>vtrum</span> <span class='ocrx_word' id='word_1_171' title='bbox 803 2520 868 2582; x_wconf 89' lang='lat' dir='ltr'>que</span> <span class='ocrx_word' id='word_1_172' title='bbox 890 2500 1143 2583; x_wconf 87' lang='lat' dir='ltr'>completorium</span> <span class='ocrx_word' id='word_1_173' title='bbox 1170 2521 1245 2563; x_wconf 87' lang='lat' dir='ltr'>cum</span> <span class='ocrx_word' id='word_1_174' title='bbox 1270 2502 1400 2563; x_wconf 90' lang='lat' dir='ltr'>duabus</span> 
     </span>
     <span class='ocr_line' id='line_1_21' title="bbox 192 2588 386 2671; baseline -0.01 -21"><span class='ocrx_word' id='word_1_175' title='bbox 192 2588 386 2671; x_wconf 75' lang='lat' dir='ltr'>campanis.2</span> 
     </span>
    </p>
   </div>
   <div class='ocr_carea' id='block_1_9' title="bbox 194 2698 1400 2781">
    <p class='ocr_par' dir='ltr' id='par_1_10' title="bbox 194 2698 1400 2781">
     <span class='ocr_line' id='line_1_22' title="bbox 194 2698 1400 2781; baseline -0.004 -14"><span class='ocrx_word' id='word_1_176' title='bbox 194 2714 295 2767; x_wconf 82' lang='lat' dir='ltr'>March</span> <span class='ocrx_word' id='word_1_177' title='bbox 309 2708 363 2781; x_wconf 88' lang='lat'><strong>28.]</strong></span> <span class='ocrx_word' id='word_1_178' title='bbox 392 2707 425 2777; x_wconf 94' lang='grc' dir='ltr'><strong>(Ι</strong></span> <span class='ocrx_word' id='word_1_179' title='bbox 450 2700 627 2764; x_wconf 91' lang='lat' dir='ltr'>Dominica</span> <span class='ocrx_word' id='word_1_180' title='bbox 642 2699 702 2762; x_wconf 79' lang='lat' dir='ltr'>iiii.</span> <span class='ocrx_word' id='word_1_181' title='bbox 719 2698 982 2781; x_wconf 85' lang='lat' dir='ltr'>quadragesime,</span> <span class='ocrx_word' id='word_1_182' title='bbox 999 2707 1072 2761; x_wconf 87' lang='lat' dir='ltr'>tota</span> <span class='ocrx_word' id='word_1_183' title='bbox 1087 2708 1239 2763; x_wconf 89' lang='lat' dir='ltr'>cantetur</span> <span class='ocrx_word' id='word_1_184' title='bbox 1254 2700 1400 2762; x_wconf 89' lang='lat' dir='ltr'>historia.</span> 
     </span>
    </p>
   </div>
   <div class='ocr_carea' id='block_1_10' title="bbox 192 2822 1392 2992">
    <p class='ocr_par' dir='ltr' id='par_1_11' title="bbox 192 2822 1392 2992">
     <span class='ocr_line' id='line_1_23' title="bbox 234 2822 1392 2906; baseline -0.003 -15"><span class='ocrx_word' id='word_1_185' title='bbox 234 2836 268 2906; x_wconf 93' lang='grc' dir='ltr'><strong>(Ι</strong></span> <span class='ocrx_word' id='word_1_186' title='bbox 293 2829 389 2891; x_wconf 88' lang='lat' dir='ltr'>Feria</span> <span class='ocrx_word' id='word_1_187' title='bbox 418 2827 457 2890; x_wconf 86' lang='lat' dir='ltr'>.ii.</span> <span class='ocrx_word' id='word_1_188' title='bbox 482 2835 516 2887; x_wconf 89' lang='lat' dir='ltr'>et</span> <span class='ocrx_word' id='word_1_189' title='bbox 547 2824 663 2887; x_wconf 89' lang='lat' dir='ltr'>ceteris</span> <span class='ocrx_word' id='word_1_190' title='bbox 697 2823 785 2884; x_wconf 86' lang='lat' dir='ltr'>seriis</span> <span class='ocrx_word' id='word_1_191' title='bbox 816 2843 874 2904; x_wconf 90' lang='lat' dir='ltr'>per</span> <span class='ocrx_word' id='word_1_192' title='bbox 906 2822 1163 2901; x_wconf 85' lang='lat' dir='ltr'>hebdomadam,</span> <span class='ocrx_word' id='word_1_193' title='bbox 1196 2826 1239 2886; x_wconf 92' lang='lat' dir='ltr'>de</span> <span class='ocrx_word' id='word_1_194' title='bbox 1270 2825 1392 2887; x_wconf 88' lang='lat' dir='ltr'>ieiunio</span> 
     </span>
     <span class='ocr_line' id='line_1_24' title="bbox 192 2909 1017 2992; baseline -0.006 -12"><span class='ocrx_word' id='word_1_195' title='bbox 192 2918 238 2980; x_wconf 89' lang='lat' dir='ltr'>Et</span> <span class='ocrx_word' id='word_1_196' title='bbox 254 2919 287 2978; x_wconf 92' lang='lat' dir='ltr'>in</span> <span class='ocrx_word' id='word_1_197' title='bbox 303 2916 366 2979; x_wconf 84' lang='lat' dir='ltr'>iiii.</span> <span class='ocrx_word' id='word_1_198' title='bbox 383 2915 464 2976; x_wconf 87' lang='lat' dir='ltr'>seria</span> <span class='ocrx_word' id='word_1_199' title='bbox 475 2913 604 2975; x_wconf 87' lang='lat' dir='ltr'>dicatur</span> <span class='ocrx_word' id='word_1_200' title='bbox 620 2912 879 2992; x_wconf 89' lang='lat' dir='ltr'>Responsorium</span> <span class='ocrx_word' id='word_1_201' title='bbox 897 2909 1017 2975; x_wconf 82' lang='lat' dir='ltr'>feriale.</span> 
     </span>
    </p>
   </div>
   <div class='ocr_carea' id='block_1_11' title="bbox 190 3047 1399 3206">
    <p class='ocr_par' dir='ltr' id='par_1_12' title="bbox 190 3047 1399 3206">
     <span class='ocr_line' id='line_1_25' title="bbox 234 3047 1399 3131; baseline -0.003 -15"><span class='ocrx_word' id='word_1_202' title='bbox 234 3061 268 3130; x_wconf 99' lang='grc' dir='ltr'><strong>(Ι</strong></span> <span class='ocrx_word' id='word_1_203' title='bbox 292 3052 452 3126; x_wconf 85' lang='lat' dir='ltr'>Sabbato,</span> <span class='ocrx_word' id='word_1_204' title='bbox 464 3051 507 3113; x_wconf 88' lang='lat' dir='ltr'>de</span> <span class='ocrx_word' id='word_1_205' title='bbox 519 3060 636 3112; x_wconf 89' lang='lat' dir='ltr'>sancto</span> <span class='ocrx_word' id='word_1_206' title='bbox 649 3048 860 3123; x_wconf 75' lang='lat' dir='ltr'>Ricardqix.</span> <span class='ocrx_word' id='word_1_207' title='bbox 873 3047 1038 3111; x_wconf 84' lang='lat' dir='ltr'>lectiones</span> <span class='ocrx_word' id='word_1_208' title='bbox 1084 3048 1233 3131; x_wconf 87' lang='lat' dir='ltr'>Vespere</span> <span class='ocrx_word' id='word_1_209' title='bbox 1244 3061 1341 3113; x_wconf 90' lang='lat' dir='ltr'>erunt</span> <span class='ocrx_word' id='word_1_210' title='bbox 1357 3051 1399 3113; x_wconf 89' lang='lat' dir='ltr'>de</span> 
     </span>
     <span class='ocr_line' id='line_1_26' title="bbox 190 3133 869 3206; baseline -0.007 -1"><span class='ocrx_word' id='word_1_211' title='bbox 190 3141 366 3206; x_wconf 83' lang='lat' dir='ltr'>dominica.</span> <span class='ocrx_word' id='word_1_212' title='bbox 412 3138 442 3201; x_wconf 97' lang='lat' dir='ltr'>N</span> <span class='ocrx_word' id='word_1_213' title='bbox 447 3137 527 3199; x_wconf 83' lang='lat' dir='ltr'>ulla³</span> <span class='ocrx_word' id='word_1_214' title='bbox 542 3135 702 3198; x_wconf 91' lang='lat' dir='ltr'>memoria</span> <span class='ocrx_word' id='word_1_215' title='bbox 716 3134 759 3196; x_wconf 88' lang='lat' dir='ltr'>de</span> <span class='ocrx_word' id='word_1_216' title='bbox 775 3133 869 3201; x_wconf 86' lang='lat' dir='ltr'>sesto.</span> 
     </span>
    </p>
   </div>
   <div class='ocr_carea' id='block_1_12' title="bbox 231 3257 1181 3342">
    <p class='ocr_par' dir='ltr' id='par_1_13' title="bbox 231 3257 1181 3342">
     <span class='ocr_line' id='line_1_27' title="bbox 231 3257 1181 3342; baseline -0.006 -14"><span class='ocrx_word' id='word_1_217' title='bbox 231 3273 265 3342; x_wconf 99' lang='grc' dir='ltr'>(Ι</span> <span class='ocrx_word' id='word_1_218' title='bbox 290 3266 426 3328; x_wconf 90' lang='lat' dir='ltr'>Festum</span> <span class='ocrx_word' id='word_1_219' title='bbox 443 3262 548 3325; x_wconf 90' lang='lat' dir='ltr'>sancti</span> <span class='ocrx_word' id='word_1_220' title='bbox 566 3259 735 3322; x_wconf 86' lang='lat' dir='ltr'>Ambrosii</span> <span class='ocrx_word' id='word_1_221' title='bbox 751 3258 923 3322; x_wconf 83' lang='lat' dir='ltr'>differatur</span> <span class='ocrx_word' id='word_1_222' title='bbox 938 3260 970 3320; x_wconf 94' lang='lat' dir='ltr'>in</span> <span class='ocrx_word' id='word_1_223' title='bbox 987 3260 1037 3322; x_wconf 83' lang='lat' dir='ltr'>‚ii.⁴</span> <span class='ocrx_word' id='word_1_224' title='bbox 1059 3257 1181 3322; x_wconf 84' lang='lat' dir='ltr'>seriam.</span> 
     </span>
    </p>
   </div>
   <div class='ocr_carea' id='block_1_13' title="bbox 192 3384 1397 3557">
    <p class='ocr_par' dir='ltr' id='par_1_14' title="bbox 192 3384 1397 3557">
     <span class='ocr_line' id='line_1_28' title="bbox 254 3384 1397 3464; baseline -0.003 -13"><span class='ocrx_word' id='word_1_225' title='bbox 254 3441 259 3450; x_wconf 89' lang='lat'>.</span> <span class='ocrx_word' id='word_1_226' title='bbox 368 3394 402 3464; x_wconf 92' lang='grc' dir='ltr'>(Ι</span> <span class='ocrx_word' id='word_1_227' title='bbox 426 3387 603 3451; x_wconf 90' lang='lat' dir='ltr'>Dominica</span> <span class='ocrx_word' id='word_1_228' title='bbox 626 3387 658 3449; x_wconf 94' lang='lat' dir='ltr'>in</span> <span class='ocrx_word' id='word_1_229' title='bbox 689 3385 845 3447; x_wconf 90' lang='lat' dir='ltr'>Passione</span> <span class='ocrx_word' id='word_1_230' title='bbox 862 3384 1007 3459; x_wconf 92' lang='lat' dir='ltr'>Domini,</span> <span class='ocrx_word' id='word_1_231' title='bbox 1024 3395 1132 3448; x_wconf 89' lang='lat' dir='ltr'>totum</span> <span class='ocrx_word' id='word_1_232' title='bbox 1158 3386 1201 3448; x_wconf 90' lang='lat' dir='ltr'>de</span> <span class='ocrx_word' id='word_1_233' title='bbox 1224 3386 1397 3449; x_wconf 89' lang='lat' dir='ltr'>dominica.</span> 
     </span>
     <span class='ocr_line' id='line_1_29' title="bbox 192 3437 1397 3557; baseline -0.002 -19"><span class='ocrx_word' id='word_1_234' title='bbox 192 3437 324 3512; x_wconf 79' lang='lat' dir='ltr'>Apn14.]</span> <span class='ocrx_word' id='word_1_235' title='bbox 369 3476 518 3557; x_wconf 87' lang='lat' dir='ltr'>Vespere</span> <span class='ocrx_word' id='word_1_236' title='bbox 555 3484 651 3536; x_wconf 89' lang='lat' dir='ltr'>erunt</span> <span class='ocrx_word' id='word_1_237' title='bbox 689 3474 731 3534; x_wconf 89' lang='lat' dir='ltr'>de</span> <span class='ocrx_word' id='word_1_238' title='bbox 776 3482 892 3535; x_wconf 87' lang='lat' dir='ltr'>sancto</span> <span class='ocrx_word' id='word_1_239' title='bbox 936 3472 1118 3534; x_wconf 85' lang='lat' dir='ltr'>Ambrosio</span> <span class='ocrx_word' id='word_1_240' title='bbox 1170 3481 1202 3533; x_wconf 92' lang='lat' dir='ltr'>et</span> <span class='ocrx_word' id='word_1_241' title='bbox 1240 3471 1397 3535; x_wconf 74' lang='lat' dir='ltr'>solennis-⁶</span> 
     </span>
    </p>
   </div>
   <div class='ocr_carea' id='block_1_14' title="bbox 191 3562 837 3750">
    <p class='ocr_par' dir='ltr' id='par_1_15' title="bbox 191 3562 837 3750">
     <span class='ocr_line' id='line_1_30' title="bbox 191 3562 599 3626; baseline -0.01 0"><span class='ocrx_word' id='word_1_242' title='bbox 191 3563 352 3626; x_wconf 87' lang='lat' dir='ltr'>memoria</span> <span class='ocrx_word' id='word_1_243' title='bbox 368 3564 410 3626; x_wconf 92' lang='lat' dir='ltr'>de</span> <span class='ocrx_word' id='word_1_244' title='bbox 426 3562 599 3625; x_wconf 88' lang='lat' dir='ltr'>dominica</span> 
     </span>
     <span class='ocr_line' id='line_1_31' title="bbox 233 3670 837 3750; baseline -0.008 -13"><span class='ocrx_word' id='word_1_245' title='bbox 233 3681 267 3750; x_wconf 97' lang='grc' dir='ltr'>(Ι</span> <span class='ocrx_word' id='word_1_246' title='bbox 293 3675 319 3737; x_wconf 91' lang='lat' dir='ltr'>F</span> <span class='ocrx_word' id='word_1_247' title='bbox 322 3675 389 3737; x_wconf 87' lang='lat' dir='ltr'>eria</span> <span class='ocrx_word' id='word_1_248' title='bbox 403 3676 441 3737; x_wconf 86' lang='lat' dir='ltr'>.ii.</span> <span class='ocrx_word' id='word_1_249' title='bbox 458 3674 499 3735; x_wconf 92' lang='lat' dir='ltr'>de</span> <span class='ocrx_word' id='word_1_250' title='bbox 515 3683 631 3735; x_wconf 91' lang='lat' dir='ltr'>sancto</span> <span class='ocrx_word' id='word_1_251' title='bbox 647 3670 837 3734; x_wconf 88' lang='lat' dir='ltr'>Ambrosio.</span> 
     </span>
    </p>
   </div>
   <div class='ocr_carea' id='block_1_15' title="bbox 233 3795 1294 3877">
    <p class='ocr_par' dir='ltr' id='par_1_16' title="bbox 233 3795 1294 3877">
     <span class='ocr_line' id='line_1_32' title="bbox 233 3795 1294 3877; baseline -0.002 -16"><span class='ocrx_word' id='word_1_252' title='bbox 233 3806 267 3875; x_wconf 91' lang='grc' dir='ltr'>(Ι</span> <span class='ocrx_word' id='word_1_253' title='bbox 292 3799 388 3861; x_wconf 89' lang='lat' dir='ltr'>Feria</span> <span class='ocrx_word' id='word_1_254' title='bbox 403 3800 463 3875; x_wconf 81' lang='lat' dir='ltr'>,iii.,</span> <span class='ocrx_word' id='word_1_255' title='bbox 478 3809 511 3860; x_wconf 90' lang='lat' dir='ltr'>et</span> <span class='ocrx_word' id='word_1_256' title='bbox 527 3797 643 3860; x_wconf 89' lang='lat' dir='ltr'>ceteris</span> <span class='ocrx_word' id='word_1_257' title='bbox 660 3795 746 3859; x_wconf 87' lang='lat' dir='ltr'>seriis</span> <span class='ocrx_word' id='word_1_258' title='bbox 762 3815 821 3877; x_wconf 89' lang='lat' dir='ltr'>per</span> <span class='ocrx_word' id='word_1_259' title='bbox 836 3795 1094 3870; x_wconf 87' lang='lat' dir='ltr'>hebdomadam,</span> <span class='ocrx_word' id='word_1_260' title='bbox 1108 3796 1150 3858; x_wconf 90' lang='lat' dir='ltr'>de</span> <span class='ocrx_word' id='word_1_261' title='bbox 1166 3795 1294 3859; x_wconf 88' lang='lat' dir='ltr'>ieiunio.</span> 
     </span>
    </p>
   </div>
   <div class='ocr_carea' id='block_1_16' title="bbox 190 3920 1395 4073">
    <p class='ocr_par' dir='ltr' id='par_1_17' title="bbox 190 3920 1395 4073">
     <span class='ocr_line' id='line_1_33' title="bbox 233 3920 1395 4002; baseline 0 -17"><span class='ocrx_word' id='word_1_262' title='bbox 233 3930 267 3999; x_wconf 99' lang='grc' dir='ltr'><strong>(Ι</strong></span> <span class='ocrx_word' id='word_1_263' title='bbox 294 3924 331 3985; x_wconf 92' lang='lat' dir='ltr'>ln</span> <span class='ocrx_word' id='word_1_264' title='bbox 359 3946 395 3987; x_wconf 85' lang='lat' dir='ltr'>.v.</span> <span class='ocrx_word' id='word_1_265' title='bbox 423 3924 505 3986; x_wconf 89' lang='lat' dir='ltr'>leria</span> <span class='ocrx_word' id='word_1_266' title='bbox 530 3922 658 3984; x_wconf 90' lang='lat' dir='ltr'>dicatur</span> <span class='ocrx_word' id='word_1_267' title='bbox 682 3930 838 3984; x_wconf 89' lang='lat' dir='ltr'>octauum</span> <span class='ocrx_word' id='word_1_268' title='bbox 868 3920 1128 4002; x_wconf 88' lang='lat' dir='ltr'>Responsorium</span> <span class='ocrx_word' id='word_1_269' title='bbox 1156 3920 1298 3998; x_wconf 90' lang='lat' dir='ltr'>historie,</span> <span class='ocrx_word' id='word_1_270' title='bbox 1320 3943 1395 3985; x_wconf 84' lang='lat' dir='ltr'>cum</span> 
     </span>
     <span class='ocr_line' id='line_1_34' title="bbox 190 4010 511 4073; baseline 0 0"><span class='ocrx_word' id='word_1_271' title='bbox 190 4011 321 4073; x_wconf 92' lang='lat' dir='ltr'>duobus</span> <span class='ocrx_word' id='word_1_272' title='bbox 339 4010 511 4073; x_wconf 81' lang='lat' dir='ltr'>ferialibus.</span> 
     </span>
    </p>
   </div>
   <div class='ocr_carea' id='block_1_17' title="bbox 192 4119 1350 4206">
    <p class='ocr_par' dir='ltr' id='par_1_18' title="bbox 192 4119 1350 4206">
     <span class='ocr_line' id='line_1_35' title="bbox 192 4119 1350 4206; baseline -0.004 -17"><span class='ocrx_word' id='word_1_273' title='bbox 192 4135 271 4206; x_wconf 82' lang='lat' dir='ltr'>April</span> <span class='ocrx_word' id='word_1_274' title='bbox 287 4131 339 4204; x_wconf 90' lang='lat'>11.]</span> <span class='ocrx_word' id='word_1_275' title='bbox 365 4130 399 4199; x_wconf 93' lang='grc' dir='ltr'><strong>(Ι</strong></span> <span class='ocrx_word' id='word_1_276' title='bbox 424 4123 600 4187; x_wconf 89' lang='lat' dir='ltr'>Dominica</span> <span class='ocrx_word' id='word_1_277' title='bbox 616 4122 648 4182; x_wconf 92' lang='lat' dir='ltr'>in</span> <span class='ocrx_word' id='word_1_278' title='bbox 665 4121 763 4183; x_wconf 90' lang='lat' dir='ltr'>ramis</span> <span class='ocrx_word' id='word_1_279' title='bbox 782 4119 979 4195; x_wconf 88' lang='lat' dir='ltr'>Palmarum,</span> <span class='ocrx_word' id='word_1_280' title='bbox 995 4129 1102 4182; x_wconf 90' lang='lat' dir='ltr'>totum</span> <span class='ocrx_word' id='word_1_281' title='bbox 1119 4119 1161 4183; x_wconf 91' lang='lat' dir='ltr'>de</span> <span class='ocrx_word' id='word_1_282' title='bbox 1177 4120 1350 4184; x_wconf 87' lang='lat' dir='ltr'>dominica</span> 
     </span>
    </p>
   </div>
   <div class='ocr_carea' id='block_1_18' title="bbox 222 4375 1242 4574">
    <p class='ocr_par' dir='ltr' id='par_1_19' title="bbox 222 4375 1242 4574">
     <span class='ocr_line' id='line_1_36' title="bbox 223 4375 1242 4442; baseline -0.008 -10"><span class='ocrx_word' id='word_1_283' title='bbox 223 4378 232 4411; x_wconf 87' lang='lat'>¹</span> <span class='ocrx_word' id='word_1_284' title='bbox 249 4381 347 4431; x_wconf 82' lang='lat' dir='ltr'>miuus:</span> <span class='ocrx_word' id='word_1_285' title='bbox 364 4381 406 4442; x_wconf 89' lang='lat'>87,</span> <span class='ocrx_word' id='word_1_286' title='bbox 419 4380 460 4441; x_wconf 78' lang='lat'>88,</span> <span class='ocrx_word' id='word_1_287' title='bbox 473 4392 515 4442; x_wconf 88' lang='lat'>97,</span> <span class='ocrx_word' id='word_1_288' title='bbox 527 4393 567 4428; x_wconf 84' lang='grc' dir='ltr'>οι,</span> <span class='ocrx_word' id='word_1_289' title='bbox 864 4375 875 4405; x_wconf 82' lang='lat'>²</span> <span class='ocrx_word' id='word_1_290' title='bbox 893 4377 969 4424; x_wconf 75' lang='lat' dir='ltr'>Crede</span> <span class='ocrx_word' id='word_1_291' title='bbox 979 4376 1070 4436; x_wconf 67' lang='lat' dir='ltr'>oro-lei,</span> <span class='ocrx_word' id='word_1_292' title='bbox 1083 4378 1097 4436; x_wconf 66' lang='grc' dir='ltr'><strong>ξ</strong></span> <span class='ocrx_word' id='word_1_293' title='bbox 1108 4388 1148 4440; x_wconf 85' lang='grc'>75,</span> <span class='ocrx_word' id='word_1_294' title='bbox 1163 4392 1187 4441; x_wconf 85' lang='lat' dir='ltr'>p.</span> <span class='ocrx_word' id='word_1_295' title='bbox 1202 4376 1242 4437; x_wconf 79' lang='lat'>48.</span> 
     </span>
     <span class='ocr_line' id='line_1_37' title="bbox 222 4444 882 4511; baseline -0.008 -15"><span class='ocrx_word' id='word_1_296' title='bbox 222 4444 234 4475; x_wconf 80' lang='lat'>⁸</span> <span class='ocrx_word' id='word_1_297' title='bbox 249 4458 274 4496; x_wconf 85' lang='lat' dir='ltr'>et</span> <span class='ocrx_word' id='word_1_298' title='bbox 285 4448 362 4511; x_wconf 80' lang='lat' dir='ltr'>before</span> <span class='ocrx_word' id='word_1_299' title='bbox 373 4448 442 4496; x_wconf 86' lang='lat' dir='ltr'>nulla</span> <span class='ocrx_word' id='word_1_300' title='bbox 453 4465 460 4497; x_wconf 76' lang='grc' dir='ltr'><em>ι</em></span> <span class='ocrx_word' id='word_1_301' title='bbox 477 4445 518 4507; x_wconf 87' lang='grc'>87,</span> <span class='ocrx_word' id='word_1_302' title='bbox 531 4444 580 4494; x_wconf 82' lang='lat'>88:</span> <span class='ocrx_word' id='word_1_303' title='bbox 597 4454 622 4493; x_wconf 88' lang='lat' dir='ltr'>et</span> <span class='ocrx_word' id='word_1_304' title='bbox 631 4444 674 4505; x_wconf 81' lang='lat' dir='ltr'>sor</span> <span class='ocrx_word' id='word_1_305' title='bbox 684 4444 752 4492; x_wconf 90' lang='lat' dir='ltr'>nulla</span> <span class='ocrx_word' id='word_1_306' title='bbox 763 4461 770 4492; x_wconf 76' lang='lat' dir='ltr'>z</span> <span class='ocrx_word' id='word_1_307' title='bbox 788 4453 830 4504; x_wconf 87' lang='lat'>97,</span> <span class='ocrx_word' id='word_1_308' title='bbox 841 4455 882 4492; x_wconf 83' lang='grc' dir='ltr'>οι.</span> 
     </span>
     <span class='ocr_line' id='line_1_38' title="bbox 222 4505 1196 4574; baseline -0.005 -14"><span class='ocrx_word' id='word_1_309' title='bbox 222 4510 233 4540; x_wconf 84' lang='lat'><strong>⁴</strong></span> <span class='ocrx_word' id='word_1_310' title='bbox 249 4511 284 4562; x_wconf 89' lang='lat' dir='ltr'>iii.</span> <span class='ocrx_word' id='word_1_311' title='bbox 299 4531 306 4562; x_wconf 75' lang='grc' dir='ltr'><strong><em>ε</em></strong></span> <span class='ocrx_word' id='word_1_312' title='bbox 323 4524 365 4574; x_wconf 88' lang='grc'>97,</span> <span class='ocrx_word' id='word_1_313' title='bbox 377 4525 418 4561; x_wconf 89' lang='lat'>01.</span> <span class='ocrx_word' id='word_1_314' title='bbox 868 4506 879 4537; x_wconf 76' lang='lat'>⁸</span> <span class='ocrx_word' id='word_1_315' title='bbox 895 4506 1021 4556; x_wconf 83' lang='lat' dir='ltr'>solennis:</span> <span class='ocrx_word' id='word_1_316' title='bbox 1053 4524 1086 4555; x_wconf 86' lang='lat' dir='ltr'>m.</span> <span class='ocrx_word' id='word_1_317' title='bbox 1101 4505 1143 4568; x_wconf 83' lang='lat'>87,</span> <span class='ocrx_word' id='word_1_318' title='bbox 1156 4506 1196 4555; x_wconf 84' lang='lat'>88.</span> 
     </span>
    </p>
   </div>
   <div class='ocr_carea' id='block_1_19' title="bbox 0 0 1668 5208">
    <p class='ocr_par' dir='ltr' id='par_1_20' title="bbox 0 0 1668 5208">
     <span class='ocr_line' id='line_1_39' title="bbox 0 0 1668 5208; baseline 0 0"><span class='ocrx_word' id='word_1_319' title='bbox 0 0 1668 5208; x_wconf 95' lang='lat' dir='ltr'> </span> 
     </span>
    </p>
   </div>
  </div>
 </body>
</html>
