3372 5224
537 441 728 502 QUARTUM
740 442 774 492 B.
808 443 881 491 xiiii.
899 442 937 490 xi.
956 442 992 491 ui.
1014 442 1055 490 iii.
1354 451 1400 505 155

238 595 391 671 [Feria
414 595 465 658 iii.
492 594 534 656 de
558 604 675 657 sancta
705 595 851 677 Brigida,
877 593 1110 658 Inuitatorium
1143 593 1299 676 simplex,
1322 612 1398 657 cum

196 683 422 766 Responsorio
433 680 553 743 Induit
566 701 625 744 me.

237 808 271 878 ΩΙ
295 803 323 865 F
324 802 393 865 eria
407 802 480 876 iiii,
495 800 616 864 festum
634 800 885 879 Purificationis,
901 802 1009 865 maius
1030 801 1166 884 duplex.
1212 800 1268 864 Ad
1284 820 1400 864 secun-

195 890 443 1040 dBppsipesmm,
467 889 623 970 hymnus¹
650 887 868 951 Letabundus.
913 888 945 950 Ν
951 889 1031 952 ulla²
1046 887 1207 952 memoria
1223 888 1267 951 de
1281 896 1399 951 sancto

238 1112 271 1182 (Ι
297 1107 324 1169 F
326 1107 392 1168 eria
404 1127 441 1169 .v.
451 1104 494 1167 de
505 1113 622 1167 sancto
632 1104 753 1180 Blasio,
766 1105 999 1168 Inuitatorium
1010 1105 1147 1188 duplex.
1158 1115 1225 1168 tres
1234 1104 1403 1167 lectiones.

197 1192 390 1277 Capitulum
409 1191 526 1255 Omnis
532 1192 690 1273 pontifex.

238 1328 273 1399 11
297 1323 394 1385 Feria
408 1321 457 1384 .vi.
472 1321 515 1384 de
530 1330 647 1384 sancta
664 1321 780 1384 Maria

239 1448 274 1519 {I
297 1441 458 1517 sabbato,
474 1440 516 1504 de
539 1452 655 1505 sancta
670 1441 817 1524 Agatha,
834 1443 880 1504 ix.
899 1442 1065 1505 lectiones.
1110 1440 1302 1524 Capitulum
1320 1440 1400 1506 Con-

188 1531 316 1614 fitebor.
360 1528 444 1628 Vbi⁸
458 1527 542 1591 fiunt
566 1539 633 1593 tres
656 1530 1001 1603 commemorationes,
1024 1530 1056 1591 in
1085 1529 1137 1593 .iii.
1152 1527 1234 1592 seria
1256 1526 1314 1591 fiat
1336 1547 1402 1590 vna

195 1624 475 1681 commemoratio.

225 1784 321 1857 Μ]
374 1736 610 1813 ΙΙΠοπιίηἰω
631 1736 704 1810 iiii,
727 1737 770 1799 de
795 1738 933 1801 seruicio
955 1736 1156 1802 dominicali.
1202 1735 1315 1798 Medic
1338 1735 1402 1797 lec-

197 1909 231 1972 ὁ.
362 1825 482 1946 4tiones
493 1823 537 1886 de
551 1822 817 1887 consessoribus.⁸
862 1824 902 1887 In
919 1823 1072 1888 laudibus
1087 1842 1204 1887 omnes
1219 1821 1401 1905 antiphone

221 1919 361 1973 rcuntur.

241 2036 276 2107 ([
298 2030 395 2095 Feria
409 2031 450 2094 n,
464 2030 507 2095 de
523 2030 611 2094 feria
657 2031 763 2095 Missa
779 2031 882 2095 Salus
887 2033 1008 2114 populi.

241 2156 276 2227 ([
298 2151 457 2215 Feriaiii.
472 2152 515 2215 de
532 2151 617 2215 sesto
631 2151 706 2214 loci.

242 2274 277 2345 {I
300 2269 398 2332 Feria
420 2269 483 2333 iiii
499 2270 541 2332 de
565 2269 653 2333 feria.
699 2269 926 2352 Responsoria
949 2269 1036 2333 illius
1054 2269 1141 2333 serie.
1187 2267 1343 2351 Epistola
1364 2277 1399 2330 et

199 2356 410 2440 euangelium
426 2358 468 2420 de
483 2356 602 2419 eadem
618 2356 707 2420 seria

199 2561 209 2624 l
241 2475 396 2575 QFeria
417 2497 454 2538 .v.
477 2477 521 2538 de
542 2485 658 2539 sancta
684 2474 877 2551 Scolastica,
903 2476 1137 2540 Inuitatorium
1154 2473 1310 2558 simplex,
1333 2483 1400 2536 tres

211 2572 364 2625 ectlones.

242 2686 276 2756 ΩΙ
299 2681 396 2743 Feria
411 2682 460 2745 .vi.
476 2684 518 2745 de
534 2682 622 2745 feria
668 2682 894 2765 Responsoria
910 2682 952 2745 de
967 2683 1084 2745 eadem
1102 2681 1190 2755 feria,
1206 2700 1282 2743 cum
1300 2680 1401 2744 missa

199 2769 315 2850 quinte
330 2769 505 2832 dominice.

243 2892 278 2963 {I
300 2885 459 2963 sabbato,
474 2887 517 2951 de
531 2897 647 2951 sancta
664 2887 780 2951 Maria.
824 2887 881 2951 Ad
898 2888 1048 2951 missam⁵
1063 2887 1169 2967 Kyrie
1185 2887 1400 2968 Omnipotens.

203 2972 360 3055 Spiritus,
389 2985 422 3038 et
448 2976 541 3038 alme.
570 2985 605 3039 et
628 2973 822 3038 Benedictus
846 2975 962 3037 Μανία
981 2975 1089 3058 filius.
1134 2974 1203 3038 Vbi
1226 2973 1310 3036 fiunt
1332 2985 1400 3036 tres

201 3063 544 3139 commemorationes,
577 3063 610 3124 in
645 3062 684 3124 ii.
716 3061 796 3125 seria
826 3061 885 3125 fiat
914 3083 980 3125 vna
1017 3060 1299 3125 commemoratio.
1344 3059 1401 3123 Ad

201 3167 357 3230 vesperas
379 3148 552 3212 claudatur
572 3149 715 3224 alleluia,
737 3169 758 3211 a
779 3149 946 3212 dominica
969 3149 1002 3212 in
1030 3149 1112 3212 lxx.
1134 3169 1239 3230 usque
1262 3149 1305 3211 ad
1338 3147 1402 3210 iiii.

201 3232 316 3297 seriam
340 3235 505 3319 incapite
532 3235 653 3299 ieiunii.
698 3234 845 3317 Quando
868 3235 905 3299 fit
922 3238 1097 3299 seruicium
1121 3238 1163 3299 de
1187 3235 1280 3298 lestis
1301 3235 1401 3297 trium

202 3319 390 3396 lectionum,
407 3333 487 3385 tunc
500 3322 590 3386 nulla
606 3322 664 3386 fiat
680 3323 841 3386 memoria
855 3323 898 3386 de
914 3322 1003 3386 seria.

203 3452 271 3507 Feb.
287 3449 341 3523 13.]
375 3448 410 3519 {I
432 3442 612 3507 Dominiea
626 3443 660 3505 in
676 3441 769 3519 ‚lxx.,
785 3452 857 3506 tota
872 3444 992 3507 dicitur
1007 3443 1153 3506 historia.

245 3569 280 3640 ΙΙ
303 3564 400 3627 Feria
420 3562 459 3626 .ii.
482 3561 525 3626 de
548 3573 668 3625 sancto
689 3560 882 3625 Valentino.
930 3563 1161 3626 Inuitatorium
1184 3559 1406 3644 sImplex.iii.

203 3649 362 3714 lectiones
375 3670 451 3713 cum
468 3660 638 3712 nocturno,
684 3649 879 3732 Capitulum
895 3648 962 3712 Iste
976 3660 1115 3713 sanctus.

243 3777 279 3849 ἦ
301 3770 398 3833 Feria
411 3770 463 3832 iii.
478 3770 521 3832 de
537 3769 622 3833 sesto
637 3768 709 3832 loci.

203 3976 371 4053 lectiones,
387 3996 462 4039 cum
480 3991 650 4040 nocturno.

235 4356 246 4452 ζ
263 4358 450 4473 {ymffi'asom'
465 4358 505 4472 82,
519 4358 582 4472 88.d
888 4356 899 4452 ἰ
915 4358 1028 4473 {tibejm
1040 4358 1126 4471 ηιιεΙὲα·
1143 4356 1184 4419 87,
1197 4356 1237 4406 83.
