3310 5206
481 437 548 499 [DE
564 438 650 488 PICA
667 438 716 489 m
727 437 835 489 Almo
849 437 1066 499 BISEXTILL]

150 946 233 998 tunc
258 936 506 1085 ἀειθῐὲρίθιιάιιπι
542 946 595 998 θεῖ
629 935 769 999 tercium
806 935 851 1012 Α,
888 937 921 999 in
967 937 1128 1019 principio
1172 936 1258 1012 anni,
1296 955 1359 1017 pro

151 1042 256 1084 secun
281 1043 303 1085 0
354 1072 362 1084 .

198 1172 228 1235 T
229 1174 352 1235 ercium
368 1173 412 1235 Α.
460 1172 498 1234 In
522 1192 611 1235 anno
632 1173 789 1247 bisextili,
806 1175 943 1255 quando
965 1175 1072 1256 prima
1087 1185 1138 1238 est
1153 1174 1262 1255 (xvii),
1276 1183 1356 1236 tunc

151 1259 384 1342 accipiendum
399 1269 451 1323 θεῖ
466 1269 620 1342 quartum
636 1260 680 1333 Α,
697 1279 758 1342 pro
772 1260 875 1324 tercio
888 1260 933 1324 Α.

196 1414 231 1485 (Ι
255 1409 401 1471 Primum
417 1408 457 1472 B.
502 1408 541 1472 In
564 1427 653 1471 anno
675 1408 833 1482 bisextili,
848 1408 985 1493 quando
1007 1411 1114 1492 prima
1132 1419 1184 1473 est
1198 1410 1263 1491 (x),
1276 1419 1357 1474 tunc

152 1496 386 1578 accipiendum
402 1494 586 1558 secundum
602 1494 642 1572 B,
656 1515 717 1578 pro
732 1496 841 1578 primo
855 1497 893 1559 B.

197 1645 353 1709 Tertium
369 1644 410 1706 B.
457 1646 496 1708 In
519 1663 609 1706 anno
631 1644 788 1720 bisextili,
803 1645 941 1728 quando
958 1646 1067 1728 prima
1081 1656 1132 1710 est
1148 1648 1222 1729 (vi),
1236 1647 1357 1729 accipi·

153 1732 281 1796 endum
296 1743 349 1795 θεῖ
363 1743 519 1814 quartum
533 1730 574 1807 B,
590 1751 652 1814 pro
666 1732 769 1796 tercio
785 1733 823 1798 Β.

199 1880 367 1963 Quartum
382 1881 420 1943 B.
454 1881 491 1943 In
508 1900 597 1943 anno
612 1881 768 1959 bisextili,
783 1882 919 1964 quando
935 1848 1107 1965 prima'est
1122 1881 1224 1964 (xix),
1239 1881 1358 1965 accipi·

153 1968 279 2032 endum
296 1969 450 2051 quintum
467 1968 505 2043 B,
520 1989 581 2050 pro
595 1977 715 2051 quarto
728 1968 767 2033 B.

198 2126 235 2196 11
257 2118 449 2183 Secundum
477 2116 510 2181 C.
560 2118 599 2181 In
623 2137 712 2181 anno
736 2117 893 2194 bisextili,
908 2118 1044 2201 quando
1067 2118 1175 2202 prima
1197 2127 1249 2182 est
1273 2118 1361 2200 (xii),

156 2218 237 2270 tunc
252 2205 482 2288 aoeipiendum
498 2214 550 2268 θεῖ
565 2205 703 2268 tercium
723 2203 757 2280 C,
773 2225 833 2288 pro
848 2206 995 2269 secundo
1013 2204 1045 2271 C.

200 2357 366 2441 Quartum
386 2354 419 2421 C.
451 2355 491 2418 ln
507 2374 597 2418 anno
612 2354 768 2430 bisextili,
783 2354 920 2437 quando
936 2356 1043 2438 prima
1057 2365 1108 2419 θεῖ
1125 2353 1223 2437 (viii),
1238 2355 1360 2437 accipi·

153 2446 279 2509 endum
295 2445 450 2527 quintum
468 2440 502 2519 C,
518 2462 578 2526 pro
593 2452 713 2525 quarto
730 2439 764 2506 C.

199 2600 234 2671 (Ι
258 2594 405 2656 Primum
422 2591 464 2654 D.
513 2591 551 2653 In
577 2611 666 2654 anno
686 2591 843 2669 bisextili,
858 2591 994 2674 quando
1010 2593 1117 2675 prima
1132 2602 1183 2655 est
1200 2591 1263 2669 (v),
1279 2602 1358 2655 tunc

156 2680 389 2764 accipiendum
405 2687 456 2742 est
471 2679 653 2743 secundum
669 2677 713 2754 D,
729 2698 789 2761 pro
803 2679 912 2760 primo
926 2679 969 2742 D.

202 2817 396 2883 Secundum
419 2815 463 2878 D.
514 2817 553 2878 ln
578 2835 668 2878 anno
694 2815 851 2892 bisextili,
872 2815 1009 2898 quando
1035 2818 1143 2897 prima
1166 2827 1217 2880 est
1240 2816 1361 2898 (xviii),

155 2904 389 2988 accipiendum
404 2913 456 2966 θεῖ
470 2903 609 2965 tercium
625 2902 670 2979 D,
684 2922 744 2984 pro
758 2903 794 2966 D
807 2903 962 2966 secundo.

202 3042 357 3107 Tertium
384 3041 426 3104 D.
476 3041 515 3103 ln
541 3060 632 3103 anno
656 3040 812 3115 bisextili,
838 3041 974 3122 quando
1001 3042 1107 3124 prima
1131 3051 1183 3105 est
1208 3042 1256 3123 (i),
1279 3050 1359 3104 tunc

155 3129 388 3212 accipiendum
404 3137 455 3190 est
471 3138 627 3210 quartum
643 3127 687 3202 D,
704 3147 764 3210 pro
779 3131 881 3190 tercio
895 3128 939 3191 D.

202 3267 367 3350 Quartum
395 3266 438 3329 D.
499 3267 538 3328 ln
566 3285 656 3328 anno
685 3264 842 3342 bisextili,
866 3268 1003 3348 quando
1033 3266 1140 3349 prima
1169 3276 1221 3330 est
1251 3266 1360 3345 (xiiii),

156 3355 389 3439 accipiendum
404 3364 455 3416 est
472 3354 625 3437 quintum
642 3352 686 3429 D,
701 3372 761 3433 pro
777 3364 897 3435 quarto
912 3354 954 3415 D.

199 3511 233 3580 (Ι
256 3503 448 3569 Secundum
473 3501 514 3565 E.
565 3501 602 3563 ln
627 3522 717 3564 anno
739 3501 896 3576 bisextili,
910 3503 1046 3584 quando
1070 3503 1178 3583 prima
1201 3512 1253 3567 θεῖ
1277 3503 1360 3583 (vii),

155 3592 388 3674 accipiendum
403 3599 455 3653 est
471 3588 607 3653 tercium
624 3589 664 3661 E,
680 3608 741 3671 pro
756 3588 903 3651 secundo
917 3588 957 3654 E.

203 3730 369 3812 Quartum
385 3727 427 3791 E.
471 3727 510 3789 ln
537 3745 626 3788 anno
647 3726 803 3800 bisextili,
825 3729 961 3809 quando
980 3729 1086 3810 prima
1109 3737 1160 3791 est
1182 3728 1254 3809 (iii),
1278 3738 1356 3791 tunc

160 3815 391 3899 accipiendum
407 3823 458 3877 est
472 3814 630 3896 quintum
646 3812 687 3889 E,
703 3834 763 3896 pro
778 3825 897 3895 quarto
913 3814 953 3877 Ε.

200 3973 234 4042 Q
259 3966 405 4028 Primum
433 3963 470 4025 F.
525 3963 562 4024 ln
590 3982 679 4025 anno
705 3963 860 4035 bisextili,
886 3965 1023 4046 quando
1051 3965 1157 4047 prima
1182 3975 1233 4028 est
1258 3965 1357 4045 (xiii),

157 4053 387 4135 accipiendum
404 4060 455 4113 θεῖ
470 4048 653 4112 secundum
671 4048 707 4125 F,
723 4070 783 4132 pro
799 4050 906 4133 primo
921 4051 957 4112 F.

201 4189 393 4254 Secundum
412 4188 446 4249 F.
492 4187 530 4248 In
548 4205 638 4248 anno
658 4185 814 4262 bisextili,
828 4187 965 4268 quando
980 4187 1087 4268 prima
1107 4197 1158 4250 est
1178 4186 1263 4269 (vii),
1278 4196 1357 4251 tunc

158 4277 387 4359 accipiendum
403 4285 453 4336 est
468 4274 606 4336 tercium
622 4273 661 4349 F,
675 4294 736 4355 pro
750 4275 898 4336 secundo
913 4273 949 4335 F.

529 4463 537 4494 ¹
560 4462 622 4513 stis
628 4465 717 4513 satim
727 4481 774 4513 om.
788 4462 830 4525 87,
842 4463 883 4523 88,
896 4475 937 4525 97,
949 4478 989 4514 οι.

246 4547 328 4597 ΡΙΕΑ
351 4545 487 4597 SARUM.
