3326 5208
681 483 845 533 serron
862 484 895 533 B.
1354 485 1399 551 185

234 638 268 707 (I
293 633 390 695 Feria
419 634 460 697 ji.
490 634 533 697 de
556 645 672 700 sancta
697 635 913 714 Etheldreda,
936 637 980 701 ix.
1006 638 1198 702 lectiones¹:
1222 649 1331 703 totum
1356 641 1400 703 de

189 721 362 783 communi
377 723 474 784 vnius
489 723 625 803 virginis
641 726 721 785 non²
737 725 901 804 martyris.

233 853 267 923 ἦ
291 849 388 912 Feria
401 850 453 914 iii.
469 850 512 912 de
527 860 645 914 sancto
661 850 763 928 Luca,
780 851 920 915 Inferius
935 854 1073 935 duplex,

232 983 267 1054 (Ι
290 978 387 1041 Feria
402 979 465 1042 iiii.
481 979 523 1042 de
538 989 656 1042 sancta
672 980 903 1057 Fredeswida;
927 992 1035 1046 totum
1053 983 1095 1046 de
1116 985 1286 1047 communi
1302 985 1400 1047 vnius

189 1064 327 1147 virginis
343 1068 424 1128 non’
441 1067 616 1148 martyris:
639 1068 683 1130 ix.
701 1066 880 1131 lectiones¹

231 1198 265 1268 «Ι
289 1194 386 1257 Feria
400 1216 437 1258 .v.
454 1194 497 1257 de
513 1194 602 1259 sesto
618 1194 691 1260 loci.

229 1329 263 1398 (I
287 1322 384 1386 Feria
398 1324 447 1387 .vi.
463 1324 506 1386 de
521 1322 725 1407 virginibus,3
743 1326 977 1391 inuitatorium
993 1327 1131 1411 duplex,
1147 1337 1214 1392 tres
1229 1328 1398 1393 lectiones.

233 1456 267 1526 (1
290 1451 450 1522 Sabbato.
460 1453 503 1515 de
515 1463 632 1516 sancta
647 1452 762 1517 Maria
802 1454 859 1517 Ad
871 1476 1036 1538 vesperas,
1047 1457 1208 1520 memoria
1223 1458 1267 1520 de
1281 1468 1399 1522 sancto

191 1539 356 1616 Romano,
372 1541 416 1603 de
431 1538 618 1618 Trinitate3
640 1551 675 1604 et
691 1544 859 1622 processio
874 1541 940 1606 fiat

365 1657 399 1726 (I
423 1652 603 1715 Dominica
639 1653 712 1728 iiii,
750 1653 793 1715 de
830 1655 971 1718 seruicio
1015 1655 1217 1721 dominicali.
1286 1655 1400 1720 Medic

366 1740 526 1802 lectiones
541 1739 584 1802 de
599 1751 718 1803 sancto
734 1740 897 1806 Romano,

232 1855 266 1924 (I
290 1849 386 1912 Feria
401 1851 441 1914 ‚it
457 1852 500 1914 de
516 1850 602 1914 sesto
618 1850 690 1915 loci.

233 1967 268 2038 (Ι
290 1961 388 2026 Feria
402 1963 454 2027 .iii.
470 1963 513 2025 de
531 1963 655 2027 sanctis
678 1962 834 2046 Crispino
860 1975 895 2027 et
921 1965 1140 2049 Crispinian0,
1157 1968 1202 2031 ix.
1218 1966 1400 2032 lectiones⁴

190 2049 300 2112 Prime
315 2050 484 2121 lectiones,
500 2051 543 2114 de
558 2050 762 2132 proprietate
785 2062 996 2116 sanctorum:
1023 2055 1133 2117 medie
1156 2055 1325 2129 lectiones,
1353 2053 1395 2116 de

190 2149 308 2201 sancto
341 2137 491 2200 Iohanne
520 2136 705 2214 beuerlac0‚
735 2157 810 2200 cum
838 2140 1001 2203 versiculo
1027 2149 1063 2203 et
1093 2142 1327 2222 Responsoriis
1356 2141 1400 2205 de

189 2225 338 2288 secundo
368 2234 531 2288 nocturno
553 2225 650 2287 vnius
674 2224 872 2288 confessoris
896 2237 930 2289 et
954 2227 1128 2309 pontificis.
1173 2229 1257 2292 Tres
1283 2230 1400 2291 vltime

190 2311 358 2384 lectiones,
382 2312 425 2374 de
447 2312 660 2394 expositione
684 2313 850 2394 euangelii
873 2313 1074 2377 Descendens
1095 2314 1189 2377 Iesus
1216 2316 1257 2378 de
1286 2325 1400 2379 monte.

190 2398 246 2461 Ad
271 2399 407 2461 missam
438 2399 558 2462 dicitur
585 2396 754 2462 Graduale
779 2419 856 2462 cum
887 2399 1019 2464 duobus
1048 2402 1228 2480 versiculis,
1257 2413 1292 2467 et
1322 2423 1398 2466 cum

189 2486 365 2567 sequentia
380 2484 423 2548 de
438 2485 618 2549 communi.

190 1700 254 1755 Oct.
268 1697 323 1770 23]

231 2733 265 2803 ἦ
289 2726 385 2791 Feria
414 2748 452 2791 .v.
482 2726 526 2790 de
556 2726 656 2790 seria:
693 2737 728 2790 et
757 2727 887 2790 dicatur
917 2728 1101 2792 secundum
1134 2730 1399 2814 Responsorium

190 2813 311 2878 feriale.
357 2814 463 2876 Missa
478 2815 521 2877 de
533 2814 647 2893 vigilia
663 2814 916 2896 apostolorum.⁶

228 2950 265 3092 ΙΙΙ
289 2943 386 3007 Feria
415 2944 478 3007 .vi!
500 2944 543 3006 de
566 2943 691 3006 sanctis
706 2942 891 3025 apostolis.⁸
935 2943 993 3007 Ad
1015 2964 1182 3027 vesperas,
1207 2944 1278 3009 Sub
1297 2955 1400 3022 tuam,

187 3052 226 3094 so
239 3031 376 3094 enniter.

232 3149 266 3219 «Ι
290 3141 451 3219 Sabbato,
474 3143 516 3204 de
543 3153 660 3205 sancta
691 3141 807 3204 Maria
875 3142 931 3206 Ad
970 3164 1134 3227 vesperas,
1165 3146 1326 3207 memoria
1355 3144 1399 3207 de

189 3229 315 3296 Sancta
331 3229 507 3307 Trinitate,
521 3240 556 3292 et
572 3230 740 3312 processio
756 3229 823 3293 fiat

231 3365 265 3434 (I
287 3357 355 3422 Vbi
386 3357 470 3421 fiunt
500 3367 566 3420 tres
597 3358 944 3436 commemorationes,
974 3359 1007 3422 in
1038 3360 1102 3423 iiii.
1133 3359 1214 3423 seria
1244 3358 1303 3423 fiat
1332 3380 1399 3423 vna

186 3446 469 3509 commemoratio.

191 3608 254 3663 θεῖ’
268 3604 324 3677 30']
368 3643 580 3719 Nouembris,
617 3654 691 3707 tota
721 3653 873 3707 cantetur
903 3645 1043 3709 historia
1068 3646 1173 3728 (Vidi
1192 3646 1401 3729 Dominum).

193 3730 330 3793 Nonum
357 3731 622 3813 Responsorium
648 3730 785 3794 Summe
806 3731 1002 3796 Trinitati.¹⁰
1048 3732 1088 3795 ln
1112 3734 1267 3797 laudibus
1283 3753 1400 3796 omnes

188 3818 372 3900 antiphone
394 3819 583 3882 dicuntur.¹¹
1075 3825 1082 3837 '

221 4075 231 4107 ¹
248 4076 281 4127 irc
295 4077 434 4127 lectiones:
450 4094 498 4127 orn.
512 4075 553 4138 87,
567 4076 608 4127 88.
872 4075 883 4108 ²
899 4088 924 4128 et
935 4078 1092 4143 beserenon:
1109 4077 1150 4140 87,
1164 4077 1204 4128 88.

221 4140 232 4172 ⁸
247 4143 363 4192 undecim
375 4142 494 4192 millibus.
870 4141 882 4173 ⁴
898 4144 932 4193 iii.
946 4145 1003 4194 add.
1017 4142 1048 4204 87
1071 4143 1111 4194 88.

221 4206 233 4303 ἰ
249 4207 356 4273 epistola
369 4220 394 4257 et
406 4224 469 4284 enan
488 4207 563 4257 elium
575 4206 687 4284 eiusdem
698 4207 777 4258 ferie:
794 4209 851 4258 add.
865 4220 962 4305 977391o
1051 4180 1059 4205 '

221 4336 232 4369 ⁰
248 4273 295 4389 ἐξ.
309 4273 427 4402 {mli}
437 4283 463 4388 {l
475 4274 598 4388 ludedm'
874 4273 1068 4389 ·¹a¹{;1{3÷l÷⁷c'nl⁸;
1082 4337 1123 4402 87,
1136 4306 1176 4388 ea.

221 4401 241 4433 ¹⁰
258 4405 289 4452 lt
309 4409 414 4453 Summe
433 4404 577 4452 Trine'tati:
601 4401 661 4468 quia
677 4401 720 4452 illa
736 4412 774 4453 est
791 4403 879 4452 ultima
895 4404 1023 4454 dominica
1039 4414 1097 4454 ante
1109 4406 1264 4465 Aduentum,
1277 4414 1399 4470 quantum

187 4468 510 4586 edlplsslcglrpsiropngpicale.
549 4470 625 4518 Crede
636 4471 675 4518 M.
689 4471 703 4528 ἕ
717 4480 744 4530 17
747 4480 787 4532 sa,
799 4485 824 4534 p
840 4480 879 4531 77.

357 3557 403 3641 ·[h
433 3556 486 3640 .v.]
552 3562 586 3631 (I
610 3556 740 3619 Littera
775 3557 999 3621 dominicalis⁹
1027 3558 1066 3634 B,
1097 3560 1200 3622 tercio
1237 3558 1399 3622 kalendas
1500 3560 1504 3567 '
