<?xml version="1.0" encoding="UTF-8"?>
<!DOCTYPE html PUBLIC "-//W3C//DTD XHTML 1.0 Transitional//EN"
    "http://www.w3.org/TR/xhtml1/DTD/xhtml1-transitional.dtd">
<html xmlns="http://www.w3.org/1999/xhtml" xml:lang="en" lang="en">
 <head>
  <title>
</title>
<meta http-equiv="Content-Type" content="text/html;charset=utf-8" />
  <meta name='ocr-system' content='tesseract 3.04.00' />
  <meta name='ocr-capabilities' content='ocr_page ocr_carea ocr_par ocr_line ocrx_word'/>
</head>
<body>
  <div class='ocr_page' id='page_1' title='image "./ordinalesarvmsi00cathgoog/ordinalesarvmsi00cathgoog_0107.png"; bbox 0 0 3330 5218; ppageno 0'>
   <div class='ocr_carea' id='block_1_1' title="bbox 298 455 1185 524">
    <p class='ocr_par' dir='ltr' id='par_1_1' title="bbox 298 455 1185 524">
     <span class='ocr_line' id='line_1_1' title="bbox 298 455 1185 524; baseline -0.006 -11"><span class='ocrx_word' id='word_1_1' title='bbox 298 463 333 524; x_wconf 72' lang='grc'>46</span> <span class='ocrx_word' id='word_1_2' title='bbox 626 456 901 509; x_wconf 72' lang='lat' dir='ltr'><em>DIRECYORIW</em></span> <span class='ocrx_word' id='word_1_3' title='bbox 918 455 1185 518; x_wconf 80' lang='lat' dir='ltr'>SACERDQTUM.</span> 
     </span>
    </p>
   </div>
   <div class='ocr_carea' id='block_1_2' title="bbox 301 609 1507 1040">
    <p class='ocr_par' dir='ltr' id='par_1_2' title="bbox 301 609 1507 1040">
     <span class='ocr_line' id='line_1_2' title="bbox 345 609 1507 692; baseline -0.005 -14"><span class='ocrx_word' id='word_1_4' title='bbox 345 623 379 692; x_wconf 99' lang='grc' dir='ltr'>(Ι</span> <span class='ocrx_word' id='word_1_5' title='bbox 402 614 499 678; x_wconf 89' lang='lat' dir='ltr'>Feria</span> <span class='ocrx_word' id='word_1_6' title='bbox 524 613 564 676; x_wconf 95' lang='lat' dir='ltr'>.ii.</span> <span class='ocrx_word' id='word_1_7' title='bbox 590 612 634 676; x_wconf 91' lang='lat' dir='ltr'>de</span> <span class='ocrx_word' id='word_1_8' title='bbox 660 611 745 674; x_wconf 81' lang='lat' dir='ltr'>sesto</span> <span class='ocrx_word' id='word_1_9' title='bbox 770 619 960 674; x_wconf 90' lang='lat' dir='ltr'>sanctorum</span> <span class='ocrx_word' id='word_1_10' title='bbox 990 609 1149 673; x_wconf 88' lang='lat' dir='ltr'>Iohannis</span> <span class='ocrx_word' id='word_1_11' title='bbox 1173 620 1207 675; x_wconf 90' lang='lat' dir='ltr'>et</span> <span class='ocrx_word' id='word_1_12' title='bbox 1232 610 1334 685; x_wconf 89' lang='lat' dir='ltr'>Pauli,</span> <span class='ocrx_word' id='word_1_13' title='bbox 1361 610 1433 673; x_wconf 93' lang='lat' dir='ltr'>sine</span> <span class='ocrx_word' id='word_1_14' title='bbox 1457 631 1507 672; x_wconf 91' lang='lat' dir='ltr'>re·</span> 
     </span>
     <span class='ocr_line' id='line_1_3' title="bbox 302 696 1505 786; baseline -0.006 -20"><span class='ocrx_word' id='word_1_15' title='bbox 302 704 429 786; x_wconf 77' lang='lat' dir='ltr'>gimIne</span> <span class='ocrx_word' id='word_1_16' title='bbox 455 699 553 764; x_wconf 91' lang='lat' dir='ltr'>chori.</span> <span class='ocrx_word' id='word_1_17' title='bbox 602 697 834 762; x_wconf 91' lang='lat' dir='ltr'>Inuitatorium</span> <span class='ocrx_word' id='word_1_18' title='bbox 860 696 1011 778; x_wconf 89' lang='lat' dir='ltr'>duplex.</span> <span class='ocrx_word' id='word_1_19' title='bbox 1028 697 1069 759; x_wconf 92' lang='lat' dir='ltr'>iii.</span> <span class='ocrx_word' id='word_1_20' title='bbox 1098 696 1266 761; x_wconf 80' lang='lat' dir='ltr'>lectiones,</span> <span class='ocrx_word' id='word_1_21' title='bbox 1311 696 1505 778; x_wconf 87' lang='lat' dir='ltr'>Capitulum</span> 
     </span>
     <span class='ocr_line' id='line_1_4' title="bbox 301 783 1507 855; baseline -0.006 -1"><span class='ocrx_word' id='word_1_22' title='bbox 301 790 357 855; x_wconf 93' lang='lat' dir='ltr'>Hi</span> <span class='ocrx_word' id='word_1_23' title='bbox 368 798 448 852; x_wconf 83' lang='lat' dir='ltr'>sunt</span> <span class='ocrx_word' id='word_1_24' title='bbox 461 789 531 851; x_wconf 84' lang='lat' dir='ltr'>viri</span> <span class='ocrx_word' id='word_1_25' title='bbox 544 783 770 849; x_wconf 84' lang='lat' dir='ltr'>misericordie¹</span> <span class='ocrx_word' id='word_1_26' title='bbox 819 785 980 847; x_wconf 91' lang='lat' dir='ltr'>memoria</span> <span class='ocrx_word' id='word_1_27' title='bbox 996 784 1038 846; x_wconf 92' lang='lat' dir='ltr'>de</span> <span class='ocrx_word' id='word_1_28' title='bbox 1054 793 1171 848; x_wconf 88' lang='lat' dir='ltr'>sancto</span> <span class='ocrx_word' id='word_1_29' title='bbox 1192 783 1361 848; x_wconf 90' lang='lat' dir='ltr'>Iohanne:</span> <span class='ocrx_word' id='word_1_30' title='bbox 1385 784 1507 847; x_wconf 91' lang='lat' dir='ltr'>deinde</span> 
     </span>
     <span class='ocr_line' id='line_1_5' title="bbox 303 870 1506 952; baseline -0.006 -12"><span class='ocrx_word' id='word_1_31' title='bbox 303 876 462 940; x_wconf 84' lang='lat' dir='ltr'>memorie</span> <span class='ocrx_word' id='word_1_32' title='bbox 487 883 653 938; x_wconf 87' lang='lat' dir='ltr'>consuete.</span> <span class='ocrx_word' id='word_1_33' title='bbox 700 870 867 935; x_wconf 84' lang='lat' dir='ltr'>Secunde¹</span> <span class='ocrx_word' id='word_1_34' title='bbox 892 890 1029 952; x_wconf 90' lang='lat' dir='ltr'>vespere</span> <span class='ocrx_word' id='word_1_35' title='bbox 1059 880 1155 935; x_wconf 87' lang='lat' dir='ltr'>erunt</span> <span class='ocrx_word' id='word_1_36' title='bbox 1185 871 1228 934; x_wconf 92' lang='lat' dir='ltr'>de</span> <span class='ocrx_word' id='word_1_37' title='bbox 1258 871 1343 935; x_wconf 81' lang='lat' dir='ltr'>sesto</span> <span class='ocrx_word' id='word_1_38' title='bbox 1374 871 1446 948; x_wconf 93' lang='lat' dir='ltr'>loci,</span> <span class='ocrx_word' id='word_1_39' title='bbox 1471 879 1506 933; x_wconf 92' lang='lat' dir='ltr'>et</span> 
     </span>
     <span class='ocr_line' id='line_1_6' title="bbox 302 958 995 1040; baseline -0.013 -12"><span class='ocrx_word' id='word_1_40' title='bbox 302 963 463 1028; x_wconf 91' lang='lat' dir='ltr'>memoria</span> <span class='ocrx_word' id='word_1_41' title='bbox 478 962 521 1025; x_wconf 92' lang='lat' dir='ltr'>de</span> <span class='ocrx_word' id='word_1_42' title='bbox 535 969 651 1024; x_wconf 90' lang='lat' dir='ltr'>sancto</span> <span class='ocrx_word' id='word_1_43' title='bbox 670 958 818 1022; x_wconf 87' lang='lat' dir='ltr'>Iohanne</span> <span class='ocrx_word' id='word_1_44' title='bbox 835 958 995 1040; x_wconf 84' lang='lat' dir='ltr'>Baptista</span> 
     </span>
    </p>
   </div>
   <div class='ocr_carea' id='block_1_3' title="bbox 300 1076 1507 1340">
    <p class='ocr_par' dir='ltr' id='par_1_3' title="bbox 300 1076 1507 1340">
     <span class='ocr_line' id='line_1_7' title="bbox 345 1076 1504 1160; baseline -0.005 -14"><span class='ocrx_word' id='word_1_45' title='bbox 345 1091 379 1160; x_wconf 99' lang='grc' dir='ltr'>(Ι</span> <span class='ocrx_word' id='word_1_46' title='bbox 402 1083 498 1146; x_wconf 90' lang='lat' dir='ltr'>Feria</span> <span class='ocrx_word' id='word_1_47' title='bbox 528 1080 578 1143; x_wconf 84' lang='lat' dir='ltr'>iii.</span> <span class='ocrx_word' id='word_1_48' title='bbox 609 1080 651 1142; x_wconf 93' lang='lat' dir='ltr'>de</span> <span class='ocrx_word' id='word_1_49' title='bbox 683 1078 768 1141; x_wconf 81' lang='lat' dir='ltr'>festo</span> <span class='ocrx_word' id='word_1_50' title='bbox 799 1076 870 1151; x_wconf 83' lang='lat' dir='ltr'>loci,</span> <span class='ocrx_word' id='word_1_51' title='bbox 901 1086 935 1139; x_wconf 90' lang='lat' dir='ltr'>et</span> <span class='ocrx_word' id='word_1_52' title='bbox 967 1077 1127 1140; x_wconf 87' lang='lat' dir='ltr'>memoria</span> <span class='ocrx_word' id='word_1_53' title='bbox 1156 1077 1199 1140; x_wconf 95' lang='lat' dir='ltr'>de</span> <span class='ocrx_word' id='word_1_54' title='bbox 1233 1077 1363 1142; x_wconf 90' lang='lat' dir='ltr'>octauis</span> <span class='ocrx_word' id='word_1_55' title='bbox 1399 1078 1504 1140; x_wconf 90' lang='lat' dir='ltr'>sancti</span> 
     </span>
     <span class='ocr_line' id='line_1_8' title="bbox 304 1164 1507 1247; baseline -0.006 -13"><span class='ocrx_word' id='word_1_56' title='bbox 304 1169 485 1234; x_wconf 65' lang='grc' dir='ltr'>Ιοὶιειῐιιιίε.3</span> <span class='ocrx_word' id='word_1_57' title='bbox 531 1166 698 1232; x_wconf 76' lang='lat' dir='ltr'>Secunde²</span> <span class='ocrx_word' id='word_1_58' title='bbox 713 1185 850 1247; x_wconf 89' lang='lat' dir='ltr'>vespere</span> <span class='ocrx_word' id='word_1_59' title='bbox 859 1174 958 1227; x_wconf 89' lang='lat' dir='ltr'>erunt</span> <span class='ocrx_word' id='word_1_60' title='bbox 973 1166 1017 1229; x_wconf 95' lang='lat' dir='ltr'>de</span> <span class='ocrx_word' id='word_1_61' title='bbox 1031 1174 1149 1228; x_wconf 89' lang='lat' dir='ltr'>sancto</span> <span class='ocrx_word' id='word_1_62' title='bbox 1165 1165 1298 1229; x_wconf 87' lang='lat' dir='ltr'>Leone:</span> <span class='ocrx_word' id='word_1_63' title='bbox 1322 1164 1507 1247; x_wconf 88' lang='lat' dir='ltr'>antiphona</span> 
     </span>
     <span class='ocr_line' id='line_1_9' title="bbox 300 1251 1506 1340; baseline -0.006 -19"><span class='ocrx_word' id='word_1_64' title='bbox 300 1269 336 1321; x_wconf 90' lang='lat' dir='ltr'>et</span> <span class='ocrx_word' id='word_1_65' title='bbox 352 1257 471 1340; x_wconf 91' lang='lat' dir='ltr'>psalmi</span> <span class='ocrx_word' id='word_1_66' title='bbox 487 1253 623 1318; x_wconf 78' lang='lat' dir='ltr'>feriales.</span> <span class='ocrx_word' id='word_1_67' title='bbox 670 1251 863 1334; x_wconf 85' lang='lat' dir='ltr'>Capitulum</span> <span class='ocrx_word' id='word_1_68' title='bbox 880 1251 961 1313; x_wconf 83' lang='lat' dir='ltr'>Ecce</span> <span class='ocrx_word' id='word_1_69' title='bbox 975 1252 1138 1315; x_wconf 84' lang='lat' dir='ltr'>sacerdos.</span> <span class='ocrx_word' id='word_1_70' title='bbox 1152 1252 1314 1316; x_wconf 90' lang='lat' dir='ltr'>memoria</span> <span class='ocrx_word' id='word_1_71' title='bbox 1329 1254 1372 1317; x_wconf 94' lang='lat' dir='ltr'>de</span> <span class='ocrx_word' id='word_1_72' title='bbox 1387 1261 1506 1314; x_wconf 90' lang='lat' dir='ltr'>sancto</span> 
     </span>
    </p>
   </div>
   <div class='ocr_carea' id='block_1_4' title="bbox 305 1340 866 1419">
    <p class='ocr_par' dir='ltr' id='par_1_4' title="bbox 305 1340 866 1419">
     <span class='ocr_line' id='line_1_10' title="bbox 305 1340 866 1419; baseline -0.011 -11"><span class='ocrx_word' id='word_1_73' title='bbox 305 1346 462 1419; x_wconf 90' lang='lat' dir='ltr'>Iohanne,</span> <span class='ocrx_word' id='word_1_74' title='bbox 478 1352 511 1405; x_wconf 88' lang='lat' dir='ltr'>et</span> <span class='ocrx_word' id='word_1_75' title='bbox 527 1340 686 1404; x_wconf 87' lang='lat' dir='ltr'>memorie</span> <span class='ocrx_word' id='word_1_76' title='bbox 700 1348 866 1402; x_wconf 89' lang='lat' dir='ltr'>consuete.</span> 
     </span>
    </p>
   </div>
   <div class='ocr_carea' id='block_1_5' title="bbox 301 1458 1507 1718">
    <p class='ocr_par' dir='ltr' id='par_1_5' title="bbox 301 1458 1507 1718">
     <span class='ocr_line' id='line_1_11' title="bbox 348 1458 1505 1548; baseline -0.004 -21"><span class='ocrx_word' id='word_1_77' title='bbox 348 1464 383 1548; x_wconf 88' lang='lat' dir='ltr'>[b</span> <span class='ocrx_word' id='word_1_78' title='bbox 398 1462 454 1546; x_wconf 83' lang='lat' dir='ltr'>iii]</span> <span class='ocrx_word' id='word_1_79' title='bbox 500 1468 534 1537; x_wconf 99' lang='grc' dir='ltr'>(Ι</span> <span class='ocrx_word' id='word_1_80' title='bbox 557 1460 744 1524; x_wconf 87' lang='lat' dir='ltr'>Feria.1rn.⁴</span> <span class='ocrx_word' id='word_1_81' title='bbox 760 1459 802 1521; x_wconf 90' lang='lat' dir='ltr'>de</span> <span class='ocrx_word' id='word_1_82' title='bbox 819 1466 935 1521; x_wconf 92' lang='lat' dir='ltr'>sancto</span> <span class='ocrx_word' id='word_1_83' title='bbox 952 1458 1076 1533; x_wconf 91' lang='lat' dir='ltr'>Leone,</span> <span class='ocrx_word' id='word_1_84' title='bbox 1090 1458 1325 1522; x_wconf 86' lang='lat' dir='ltr'>Inuitatorium</span> <span class='ocrx_word' id='word_1_85' title='bbox 1341 1458 1505 1541; x_wconf 88' lang='lat' dir='ltr'>simplex:</span> 
     </span>
     <span class='ocr_line' id='line_1_12' title="bbox 303 1545 1507 1629; baseline -0.007 -13"><span class='ocrx_word' id='word_1_86' title='bbox 303 1554 346 1616; x_wconf 86' lang='lat' dir='ltr'>iii.</span> <span class='ocrx_word' id='word_1_87' title='bbox 371 1551 537 1625; x_wconf 89' lang='lat' dir='ltr'>lectiones,</span> <span class='ocrx_word' id='word_1_88' title='bbox 567 1568 643 1611; x_wconf 91' lang='lat' dir='ltr'>cum</span> <span class='ocrx_word' id='word_1_89' title='bbox 675 1554 847 1620; x_wconf 93' lang='lat' dir='ltr'>nocturno,</span> <span class='ocrx_word' id='word_1_90' title='bbox 878 1554 1013 1627; x_wconf 92' lang='lat' dir='ltr'>propter</span> <span class='ocrx_word' id='word_1_91' title='bbox 1041 1545 1192 1629; x_wconf 84' lang='lat' dir='ltr'>vigilias.</span> <span class='ocrx_word' id='word_1_92' title='bbox 1210 1565 1277 1609; x_wconf 93' lang='lat' dir='ltr'>non</span> <span class='ocrx_word' id='word_1_93' title='bbox 1308 1545 1428 1609; x_wconf 90' lang='lat' dir='ltr'>dicitur</span> <span class='ocrx_word' id='word_1_94' title='bbox 1463 1546 1494 1609; x_wconf 87' lang='grc' dir='ltr'><em>Τ</em></span> <span class='ocrx_word' id='word_1_95' title='bbox 1489 1568 1507 1608; x_wconf 81' lang='lat' dir='ltr'>e</span> 
     </span>
     <span class='ocr_line' id='line_1_13' title="bbox 301 1631 1506 1718; baseline -0.007 -15"><span class='ocrx_word' id='word_1_96' title='bbox 301 1640 419 1703; x_wconf 84' lang='lat' dir='ltr'>Deum.</span> <span class='ocrx_word' id='word_1_97' title='bbox 464 1635 655 1718; x_wconf 85' lang='lat' dir='ltr'>Capitulum</span> <span class='ocrx_word' id='word_1_98' title='bbox 672 1631 951 1695; x_wconf 85' lang='lat' dir='ltr'>Benedictionem:</span> <span class='ocrx_word' id='word_1_99' title='bbox 975 1632 1136 1697; x_wconf 89' lang='lat' dir='ltr'>memoria</span> <span class='ocrx_word' id='word_1_100' title='bbox 1154 1635 1197 1698; x_wconf 91' lang='lat' dir='ltr'>de</span> <span class='ocrx_word' id='word_1_101' title='bbox 1212 1643 1329 1696; x_wconf 87' lang='lat' dir='ltr'>sancto</span> <span class='ocrx_word' id='word_1_102' title='bbox 1348 1633 1506 1709; x_wconf 88' lang='lat' dir='ltr'>Iohanne,</span> 
     </span>
    </p>
   </div>
   <div class='ocr_carea' id='block_1_6' title="bbox 300 1725 695 1791">
    <p class='ocr_par' dir='ltr' id='par_1_6' title="bbox 300 1725 695 1791">
     <span class='ocr_line' id='line_1_14' title="bbox 300 1725 695 1791; baseline -0.015 -2"><span class='ocrx_word' id='word_1_103' title='bbox 300 1739 337 1791; x_wconf 90' lang='lat' dir='ltr'>et</span> <span class='ocrx_word' id='word_1_104' title='bbox 353 1725 512 1790; x_wconf 86' lang='lat' dir='ltr'>memorie</span> <span class='ocrx_word' id='word_1_105' title='bbox 528 1731 695 1786; x_wconf 88' lang='lat' dir='ltr'>consuete.</span> 
     </span>
    </p>
   </div>
   <div class='ocr_carea' id='block_1_7' title="bbox 298 1838 1507 2096">
    <p class='ocr_par' dir='ltr' id='par_1_7' title="bbox 298 1838 1507 2096">
     <span class='ocr_line' id='line_1_15' title="bbox 345 1838 1505 1922; baseline -0.004 -15"><span class='ocrx_word' id='word_1_106' title='bbox 345 1853 379 1922; x_wconf 94' lang='grc' dir='ltr'>(Ι</span> <span class='ocrx_word' id='word_1_107' title='bbox 402 1844 500 1908; x_wconf 86' lang='lat' dir='ltr'>Feria</span> <span class='ocrx_word' id='word_1_108' title='bbox 529 1865 567 1906; x_wconf 92' lang='lat' dir='ltr'>.v.</span> <span class='ocrx_word' id='word_1_109' title='bbox 594 1843 638 1905; x_wconf 93' lang='lat' dir='ltr'>de</span> <span class='ocrx_word' id='word_1_110' title='bbox 668 1840 753 1903; x_wconf 81' lang='lat' dir='ltr'>sesto</span> <span class='ocrx_word' id='word_1_111' title='bbox 783 1838 1012 1921; x_wconf 89' lang='lat' dir='ltr'>apostolorum</span> <span class='ocrx_word' id='word_1_112' title='bbox 1077 1839 1165 1902; x_wconf 92' lang='lat' dir='ltr'>Petri</span> <span class='ocrx_word' id='word_1_113' title='bbox 1196 1849 1229 1903; x_wconf 88' lang='lat' dir='ltr'>et</span> <span class='ocrx_word' id='word_1_114' title='bbox 1261 1838 1363 1915; x_wconf 92' lang='lat' dir='ltr'>Pauli,</span> <span class='ocrx_word' id='word_1_115' title='bbox 1394 1839 1505 1903; x_wconf 91' lang='lat' dir='ltr'>minus</span> 
     </span>
     <span class='ocr_line' id='line_1_16' title="bbox 298 1925 1506 2016; baseline -0.006 -19"><span class='ocrx_word' id='word_1_116' title='bbox 298 1932 437 2016; x_wconf 88' lang='lat' dir='ltr'>duplex.</span> <span class='ocrx_word' id='word_1_117' title='bbox 498 1929 555 1993; x_wconf 88' lang='lat' dir='ltr'>Ad</span> <span class='ocrx_word' id='word_1_118' title='bbox 586 1938 742 2009; x_wconf 90' lang='lat' dir='ltr'>vtrasque</span> <span class='ocrx_word' id='word_1_119' title='bbox 771 1946 936 2008; x_wconf 90' lang='lat' dir='ltr'>vesperas,</span> <span class='ocrx_word' id='word_1_120' title='bbox 966 1934 999 1988; x_wconf 88' lang='lat' dir='ltr'>et</span> <span class='ocrx_word' id='word_1_121' title='bbox 1026 1926 1069 1990; x_wconf 87' lang='lat' dir='ltr'>ad</span> <span class='ocrx_word' id='word_1_122' title='bbox 1094 1927 1283 2001; x_wconf 91' lang='lat' dir='ltr'>matutinas,</span> <span class='ocrx_word' id='word_1_123' title='bbox 1313 1926 1405 1989; x_wconf 92' lang='lat' dir='ltr'>nulla</span> <span class='ocrx_word' id='word_1_124' title='bbox 1435 1925 1506 1990; x_wconf 74' lang='lat' dir='ltr'>fiet⁶</span> 
     </span>
     <span class='ocr_line' id='line_1_17' title="bbox 302 2011 1507 2096; baseline -0.006 -13"><span class='ocrx_word' id='word_1_125' title='bbox 302 2019 462 2083; x_wconf 90' lang='lat' dir='ltr'>memoria</span> <span class='ocrx_word' id='word_1_126' title='bbox 476 2017 519 2080; x_wconf 94' lang='lat' dir='ltr'>de</span> <span class='ocrx_word' id='word_1_127' title='bbox 535 2024 651 2079; x_wconf 90' lang='lat' dir='ltr'>sancto</span> <span class='ocrx_word' id='word_1_128' title='bbox 669 2015 827 2078; x_wconf 91' lang='lat' dir='ltr'>Iohanne.</span> <span class='ocrx_word' id='word_1_129' title='bbox 873 2011 1028 2077; x_wconf 88' lang='lat' dir='ltr'>Secunde</span> <span class='ocrx_word' id='word_1_130' title='bbox 1042 2033 1179 2095; x_wconf 91' lang='lat' dir='ltr'>vespere</span> <span class='ocrx_word' id='word_1_131' title='bbox 1195 2023 1292 2078; x_wconf 86' lang='lat' dir='ltr'>erunt</span> <span class='ocrx_word' id='word_1_132' title='bbox 1306 2015 1350 2078; x_wconf 92' lang='lat' dir='ltr'>de</span> <span class='ocrx_word' id='word_1_133' title='bbox 1358 2014 1507 2096; x_wconf 89' lang='lat' dir='ltr'>vtrisque</span> 
     </span>
    </p>
   </div>
   <div class='ocr_carea' id='block_1_8' title="bbox 298 2106 469 2190">
    <p class='ocr_par' dir='ltr' id='par_1_8' title="bbox 298 2106 469 2190">
     <span class='ocr_line' id='line_1_18' title="bbox 298 2106 469 2190; baseline -0.018 -20"><span class='ocrx_word' id='word_1_134' title='bbox 298 2106 469 2190; x_wconf 89' lang='lat' dir='ltr'>apostolis.</span> 
     </span>
    </p>
   </div>
   <div class='ocr_carea' id='block_1_9' title="bbox 300 2219 1507 2657">
    <p class='ocr_par' dir='ltr' id='par_1_9' title="bbox 300 2219 1507 2657">
     <span class='ocr_line' id='line_1_19' title="bbox 346 2219 1504 2302; baseline -0.004 -13"><span class='ocrx_word' id='word_1_135' title='bbox 346 2233 380 2302; x_wconf 99' lang='grc' dir='ltr'>(Ι</span> <span class='ocrx_word' id='word_1_136' title='bbox 403 2225 498 2289; x_wconf 90' lang='lat' dir='ltr'>Feria</span> <span class='ocrx_word' id='word_1_137' title='bbox 523 2223 572 2286; x_wconf 92' lang='lat' dir='ltr'>.vi.</span> <span class='ocrx_word' id='word_1_138' title='bbox 596 2222 638 2284; x_wconf 90' lang='lat' dir='ltr'>de</span> <span class='ocrx_word' id='word_1_139' title='bbox 661 2220 982 2283; x_wconf 89' lang='lat' dir='ltr'>commemoratione</span> <span class='ocrx_word' id='word_1_140' title='bbox 1007 2221 1114 2284; x_wconf 87' lang='lat' dir='ltr'>sancti</span> <span class='ocrx_word' id='word_1_141' title='bbox 1142 2219 1244 2297; x_wconf 94' lang='lat' dir='ltr'>Pauli,</span> <span class='ocrx_word' id='word_1_142' title='bbox 1270 2220 1504 2285; x_wconf 92' lang='lat' dir='ltr'>Inuitatorium</span> 
     </span>
     <span class='ocr_line' id='line_1_20' title="bbox 302 2306 1505 2396; baseline -0.005 -19"><span class='ocrx_word' id='word_1_143' title='bbox 302 2313 436 2396; x_wconf 82' lang='lat' dir='ltr'>triplex.</span> <span class='ocrx_word' id='word_1_144' title='bbox 483 2311 539 2373; x_wconf 89' lang='lat' dir='ltr'>Ad</span> <span class='ocrx_word' id='word_1_145' title='bbox 572 2310 707 2372; x_wconf 89' lang='lat' dir='ltr'>missam</span> <span class='ocrx_word' id='word_1_146' title='bbox 738 2308 860 2372; x_wconf 89' lang='lat' dir='ltr'>dicitur</span> <span class='ocrx_word' id='word_1_147' title='bbox 892 2306 1003 2380; x_wconf 81' lang='lat' dir='ltr'>Credo,</span> <span class='ocrx_word' id='word_1_148' title='bbox 1028 2316 1061 2370; x_wconf 88' lang='lat' dir='ltr'>et</span> <span class='ocrx_word' id='word_1_149' title='bbox 1091 2307 1233 2390; x_wconf 79' lang='lat' dir='ltr'>prefatio</span> <span class='ocrx_word' id='word_1_150' title='bbox 1263 2307 1306 2371; x_wconf 94' lang='lat' dir='ltr'>de</span> <span class='ocrx_word' id='word_1_151' title='bbox 1336 2308 1505 2390; x_wconf 91' lang='lat' dir='ltr'>apostolis.</span> 
     </span>
     <span class='ocr_line' id='line_1_21' title="bbox 301 2393 1506 2479; baseline -0.007 -13"><span class='ocrx_word' id='word_1_152' title='bbox 301 2400 457 2466; x_wconf 83' lang='lat' dir='ltr'>Secunde</span> <span class='ocrx_word' id='word_1_153' title='bbox 467 2417 603 2479; x_wconf 88' lang='lat' dir='ltr'>vespere</span> <span class='ocrx_word' id='word_1_154' title='bbox 618 2405 715 2458; x_wconf 88' lang='lat' dir='ltr'>erunt</span> <span class='ocrx_word' id='word_1_155' title='bbox 730 2395 772 2458; x_wconf 94' lang='lat' dir='ltr'>de</span> <span class='ocrx_word' id='word_1_156' title='bbox 784 2403 899 2456; x_wconf 89' lang='lat' dir='ltr'>sancta</span> <span class='ocrx_word' id='word_1_157' title='bbox 913 2393 1031 2471; x_wconf 86' lang='lat' dir='ltr'>Maria,</span> <span class='ocrx_word' id='word_1_158' title='bbox 1042 2403 1075 2457; x_wconf 94' lang='lat' dir='ltr'>et</span> <span class='ocrx_word' id='word_1_159' title='bbox 1092 2394 1251 2457; x_wconf 89' lang='lat' dir='ltr'>memoria</span> <span class='ocrx_word' id='word_1_160' title='bbox 1267 2395 1310 2457; x_wconf 94' lang='lat' dir='ltr'>de</span> <span class='ocrx_word' id='word_1_161' title='bbox 1325 2395 1506 2477; x_wconf 90' lang='lat' dir='ltr'>apostolis:</span> 
     </span>
     <span class='ocr_line' id='line_1_22' title="bbox 300 2480 1507 2569; baseline -0.006 -18"><span class='ocrx_word' id='word_1_162' title='bbox 300 2487 487 2569; x_wconf 90' lang='lat' dir='ltr'>antiphona</span> <span class='ocrx_word' id='word_1_163' title='bbox 509 2484 552 2547; x_wconf 81' lang='lat' dir='ltr'>ln</span> <span class='ocrx_word' id='word_1_164' title='bbox 578 2480 845 2564; x_wconf 61' lang='lat' dir='ltr'>regenerationffl:</span> <span class='ocrx_word' id='word_1_165' title='bbox 867 2490 901 2543; x_wconf 91' lang='lat' dir='ltr'>et</span> <span class='ocrx_word' id='word_1_166' title='bbox 927 2481 970 2544; x_wconf 94' lang='lat' dir='ltr'>de</span> <span class='ocrx_word' id='word_1_167' title='bbox 996 2490 1113 2544; x_wconf 90' lang='lat' dir='ltr'>sancto</span> <span class='ocrx_word' id='word_1_168' title='bbox 1139 2481 1297 2559; x_wconf 86' lang='lat' dir='ltr'>Iohanne,</span> <span class='ocrx_word' id='word_1_169' title='bbox 1321 2482 1507 2565; x_wconf 90' lang='lat' dir='ltr'>antiphona</span> 
     </span>
     <span class='ocr_line' id='line_1_23' title="bbox 303 2566 1062 2657; baseline -0.012 -19"><span class='ocrx_word' id='word_1_170' title='bbox 303 2575 453 2657; x_wconf 78' lang='lat' dir='ltr'>ingresso</span> <span class='ocrx_word' id='word_1_171' title='bbox 464 2571 634 2635; x_wconf 84' lang='lat' dir='ltr'>Zaclearia</span> <span class='ocrx_word' id='word_1_172' title='bbox 649 2619 656 2634; x_wconf 92' lang='lat'>.</span> <span class='ocrx_word' id='word_1_173' title='bbox 673 2567 852 2632; x_wconf 88' lang='lat' dir='ltr'>versiculus</span> <span class='ocrx_word' id='word_1_174' title='bbox 867 2566 950 2629; x_wconf 84' lang='lat' dir='ltr'>Fuit</span> <span class='ocrx_word' id='word_1_175' title='bbox 961 2567 1062 2630; x_wconf 76' lang='lat' dir='ltr'>homo.</span> 
     </span>
    </p>
   </div>
   <div class='ocr_carea' id='block_1_10' title="bbox 300 2688 1507 3032">
    <p class='ocr_par' dir='ltr' id='par_1_10' title="bbox 300 2688 1507 3032">
     <span class='ocr_line' id='line_1_24' title="bbox 346 2688 1505 2770; baseline -0.004 -13"><span class='ocrx_word' id='word_1_176' title='bbox 346 2701 380 2770; x_wconf 95' lang='grc' dir='ltr'>(Ι</span> <span class='ocrx_word' id='word_1_177' title='bbox 403 2692 563 2767; x_wconf 89' lang='lat' dir='ltr'>Sabbat0,</span> <span class='ocrx_word' id='word_1_178' title='bbox 578 2690 621 2754; x_wconf 94' lang='lat' dir='ltr'>de</span> <span class='ocrx_word' id='word_1_179' title='bbox 643 2698 760 2753; x_wconf 90' lang='lat' dir='ltr'>sancta</span> <span class='ocrx_word' id='word_1_180' title='bbox 783 2688 901 2764; x_wconf 94' lang='lat' dir='ltr'>Maria,</span> <span class='ocrx_word' id='word_1_181' title='bbox 925 2688 1085 2752; x_wconf 89' lang='lat' dir='ltr'>memoria</span> <span class='ocrx_word' id='word_1_182' title='bbox 1115 2690 1157 2753; x_wconf 90' lang='lat' dir='ltr'>de</span> <span class='ocrx_word' id='word_1_183' title='bbox 1182 2698 1298 2752; x_wconf 89' lang='lat' dir='ltr'>sancto</span> <span class='ocrx_word' id='word_1_184' title='bbox 1325 2689 1475 2753; x_wconf 91' lang='lat' dir='ltr'>Iohanne</span> <span class='ocrx_word' id='word_1_185' title='bbox 1499 2739 1505 2752; x_wconf 95' lang='lat'>.</span> 
     </span>
     <span class='ocr_line' id='line_1_25' title="bbox 303 2775 1507 2864; baseline -0.006 -18"><span class='ocrx_word' id='word_1_186' title='bbox 303 2781 488 2864; x_wconf 89' lang='lat' dir='ltr'>antiphona</span> <span class='ocrx_word' id='word_1_187' title='bbox 502 2777 639 2839; x_wconf 83' lang='lat' dir='ltr'>Factum</span> <span class='ocrx_word' id='word_1_188' title='bbox 661 2785 710 2839; x_wconf 84' lang='lat' dir='ltr'>est</span> <span class='ocrx_word' id='word_1_189' title='bbox 729 2796 810 2838; x_wconf 86' lang='lat' dir='ltr'>cum.</span> <span class='ocrx_word' id='word_1_190' title='bbox 858 2775 963 2837; x_wconf 88' lang='lat' dir='ltr'>Missa</span> <span class='ocrx_word' id='word_1_191' title='bbox 988 2776 1020 2837; x_wconf 83' lang='lat' dir='ltr'>ln</span> <span class='ocrx_word' id='word_1_192' title='bbox 1045 2775 1202 2857; x_wconf 91' lang='lat' dir='ltr'>capitulo,</span> <span class='ocrx_word' id='word_1_193' title='bbox 1218 2786 1253 2839; x_wconf 90' lang='lat' dir='ltr'>et</span> <span class='ocrx_word' id='word_1_194' title='bbox 1279 2777 1439 2840; x_wconf 90' lang='lat' dir='ltr'>memoria</span> <span class='ocrx_word' id='word_1_195' title='bbox 1463 2776 1507 2840; x_wconf 89' lang='lat' dir='ltr'>de</span> 
     </span>
     <span class='ocr_line' id='line_1_26' title="bbox 301 2862 1505 2952; baseline -0.006 -20"><span class='ocrx_word' id='word_1_196' title='bbox 301 2867 472 2952; x_wconf 89' lang='lat' dir='ltr'>apostolis.</span> <span class='ocrx_word' id='word_1_197' title='bbox 519 2863 685 2928; x_wconf 77' lang='lat' dir='ltr'>Secunde²</span> <span class='ocrx_word' id='word_1_198' title='bbox 701 2882 837 2945; x_wconf 89' lang='lat' dir='ltr'>vespere</span> <span class='ocrx_word' id='word_1_199' title='bbox 849 2872 946 2925; x_wconf 84' lang='lat' dir='ltr'>erunt</span> <span class='ocrx_word' id='word_1_200' title='bbox 961 2862 1003 2925; x_wconf 93' lang='lat' dir='ltr'>de</span> <span class='ocrx_word' id='word_1_201' title='bbox 1014 2862 1224 2939; x_wconf 91' lang='lat' dir='ltr'>Visitatione,</span> <span class='ocrx_word' id='word_1_202' title='bbox 1239 2883 1315 2926; x_wconf 91' lang='lat' dir='ltr'>cum</span> <span class='ocrx_word' id='word_1_203' title='bbox 1332 2865 1505 2926; x_wconf 64' lang='lat' dir='ltr'>memoriai</span> 
     </span>
     <span class='ocr_line' id='line_1_27' title="bbox 300 2948 1507 3032; baseline -0.007 -12"><span class='ocrx_word' id='word_1_204' title='bbox 300 2959 346 3020; x_wconf 91' lang='lat' dir='ltr'>de</span> <span class='ocrx_word' id='word_1_205' title='bbox 361 2953 538 3027; x_wconf 89' lang='lat' dir='ltr'>dominica,</span> <span class='ocrx_word' id='word_1_206' title='bbox 554 2961 588 3013; x_wconf 90' lang='lat' dir='ltr'>et</span> <span class='ocrx_word' id='word_1_207' title='bbox 611 2950 785 3027; x_wconf 90' lang='lat' dir='ltr'>Trinitate,</span> <span class='ocrx_word' id='word_1_208' title='bbox 807 2950 869 3013; x_wconf 89' lang='lat' dir='ltr'>sub</span> <span class='ocrx_word' id='word_1_209' title='bbox 895 2948 1028 3012; x_wconf 89' lang='lat' dir='ltr'>silentio</span> <span class='ocrx_word' id='word_1_210' title='bbox 1045 2973 1052 3010; x_wconf 76' lang='grc' dir='ltr'>ε</span> <span class='ocrx_word' id='word_1_211' title='bbox 1068 2958 1102 3013; x_wconf 93' lang='lat' dir='ltr'>et</span> <span class='ocrx_word' id='word_1_212' title='bbox 1118 2948 1198 3012; x_wconf 92' lang='lat' dir='ltr'>nihil</span> <span class='ocrx_word' id='word_1_213' title='bbox 1223 2951 1267 3014; x_wconf 95' lang='lat' dir='ltr'>de</span> <span class='ocrx_word' id='word_1_214' title='bbox 1291 2950 1507 3032; x_wconf 78' lang='lat' dir='ltr'>martyribus⁸</span> 
     </span>
    </p>
   </div>
   <div class='ocr_carea' id='block_1_11' title="bbox 300 3039 596 3124">
    <p class='ocr_par' dir='ltr' id='par_1_11' title="bbox 300 3039 596 3124">
     <span class='ocr_line' id='line_1_28' title="bbox 300 3039 596 3124; baseline -0.027 -16"><span class='ocrx_word' id='word_1_215' title='bbox 300 3043 394 3108; x_wconf 91' lang='lat' dir='ltr'>nulla</span> <span class='ocrx_word' id='word_1_216' title='bbox 409 3039 596 3124; x_wconf 79' lang='lat' dir='ltr'>processiol</span> 
     </span>
    </p>
   </div>
   <div class='ocr_carea' id='block_1_12' title="bbox 299 3154 1508 3503">
    <p class='ocr_par' dir='ltr' id='par_1_12' title="bbox 299 3154 1508 3503">
     <span class='ocr_line' id='line_1_29' title="bbox 479 3154 1505 3235; baseline 0 -14"><span class='ocrx_word' id='word_1_217' title='bbox 479 3166 513 3235; x_wconf 95' lang='grc' dir='ltr'>(Ι</span> <span class='ocrx_word' id='word_1_218' title='bbox 536 3157 715 3222; x_wconf 90' lang='lat' dir='ltr'>Dominica</span> <span class='ocrx_word' id='word_1_219' title='bbox 745 3178 783 3219; x_wconf 91' lang='lat' dir='ltr'>.v.</span> <span class='ocrx_word' id='word_1_220' title='bbox 810 3156 852 3218; x_wconf 88' lang='lat' dir='ltr'>de</span> <span class='ocrx_word' id='word_1_221' title='bbox 882 3154 1085 3218; x_wconf 90' lang='lat' dir='ltr'>Visitatione</span> <span class='ocrx_word' id='word_1_222' title='bbox 1114 3156 1210 3220; x_wconf 92' lang='lat' dir='ltr'>beate</span> <span class='ocrx_word' id='word_1_223' title='bbox 1235 3156 1351 3234; x_wconf 92' lang='lat' dir='ltr'>Marie,</span> <span class='ocrx_word' id='word_1_224' title='bbox 1382 3157 1505 3221; x_wconf 84' lang='lat' dir='ltr'>festum</span> 
     </span>
     <span class='ocr_line' id='line_1_30' title="bbox 303 3209 1505 3326; baseline 0.001 -18"><span class='ocrx_word' id='word_1_225' title='bbox 303 3209 418 3285; x_wconf 52' lang='lat' dir='ltr'>lum]</span> <span class='ocrx_word' id='word_1_226' title='bbox 482 3246 587 3309; x_wconf 90' lang='lat' dir='ltr'>maius</span> <span class='ocrx_word' id='word_1_227' title='bbox 618 3243 755 3326; x_wconf 89' lang='lat' dir='ltr'>duplex,</span> <span class='ocrx_word' id='word_1_228' title='bbox 781 3262 857 3305; x_wconf 92' lang='lat' dir='ltr'>curn</span> <span class='ocrx_word' id='word_1_229' title='bbox 888 3242 1026 3318; x_wconf 87' lang='lat' dir='ltr'>octauis,</span> <span class='ocrx_word' id='word_1_230' title='bbox 1055 3252 1089 3307; x_wconf 93' lang='lat' dir='ltr'>et</span> <span class='ocrx_word' id='word_1_231' title='bbox 1120 3244 1280 3325; x_wconf 87' lang='lat' dir='ltr'>regimine</span> <span class='ocrx_word' id='word_1_232' title='bbox 1301 3244 1401 3307; x_wconf 92' lang='lat' dir='ltr'>chori.</span> <span class='ocrx_word' id='word_1_233' title='bbox 1446 3246 1505 3309; x_wconf 92' lang='lat' dir='ltr'>Ad</span> 
     </span>
     <span class='ocr_line' id='line_1_31' title="bbox 304 3328 1508 3415; baseline -0.004 -15"><span class='ocrx_word' id='word_1_234' title='bbox 304 3334 466 3400; x_wconf 90' lang='lat' dir='ltr'>secundas</span> <span class='ocrx_word' id='word_1_235' title='bbox 481 3351 644 3415; x_wconf 87' lang='lat' dir='ltr'>vesperas,</span> <span class='ocrx_word' id='word_1_236' title='bbox 661 3330 845 3412; x_wconf 89' lang='lat' dir='ltr'>antiphona</span> <span class='ocrx_word' id='word_1_237' title='bbox 862 3328 1002 3393; x_wconf 79' lang='lat' dir='ltr'>Scandit</span> <span class='ocrx_word' id='word_1_238' title='bbox 1019 3330 1190 3413; x_wconf 90' lang='lat' dir='ltr'>:psalmus</span> <span class='ocrx_word' id='word_1_239' title='bbox 1212 3330 1313 3394; x_wconf 80' lang='lat' dir='ltr'>Dixit</span> <span class='ocrx_word' id='word_1_240' title='bbox 1333 3332 1508 3410; x_wconf 83' lang='lat' dir='ltr'>Dominus,</span> 
     </span>
     <span class='ocr_line' id='line_1_32' title="bbox 299 3416 919 3503; baseline -0.015 -17"><span class='ocrx_word' id='word_1_241' title='bbox 299 3434 337 3486; x_wconf 86' lang='lat' dir='ltr'>et</span> <span class='ocrx_word' id='word_1_242' title='bbox 352 3422 463 3498; x_wconf 89' lang='lat' dir='ltr'>ceteri,</span> <span class='ocrx_word' id='word_1_243' title='bbox 478 3419 597 3503; x_wconf 89' lang='lat' dir='ltr'>psalmi</span> <span class='ocrx_word' id='word_1_244' title='bbox 612 3418 655 3481; x_wconf 95' lang='lat' dir='ltr'>de</span> <span class='ocrx_word' id='word_1_245' title='bbox 670 3427 787 3480; x_wconf 90' lang='lat' dir='ltr'>sancta</span> <span class='ocrx_word' id='word_1_246' title='bbox 803 3416 919 3479; x_wconf 84' lang='lat' dir='ltr'>Maria</span> 
     </span>
    </p>
   </div>
   <div class='ocr_carea' id='block_1_13' title="bbox 346 3535 802 3619">
    <p class='ocr_par' dir='ltr' id='par_1_13' title="bbox 346 3535 802 3619">
     <span class='ocr_line' id='line_1_33' title="bbox 346 3535 802 3619; baseline -0.015 -14"><span class='ocrx_word' id='word_1_247' title='bbox 346 3549 380 3619; x_wconf 81' lang='grc' dir='ltr'>(Ι</span> <span class='ocrx_word' id='word_1_248' title='bbox 403 3540 500 3605; x_wconf 89' lang='lat' dir='ltr'>Feria</span> <span class='ocrx_word' id='word_1_249' title='bbox 515 3539 566 3619; x_wconf 81' lang='lat' dir='ltr'>‚ii.,</span> <span class='ocrx_word' id='word_1_250' title='bbox 580 3538 623 3602; x_wconf 91' lang='lat' dir='ltr'>de</span> <span class='ocrx_word' id='word_1_251' title='bbox 638 3535 802 3600; x_wconf 82' lang='lat' dir='ltr'>octauis¹⁰</span> 
     </span>
    </p>
   </div>
   <div class='ocr_carea' id='block_1_14' title="bbox 333 3781 1364 4043">
    <p class='ocr_par' dir='ltr' id='par_1_14' title="bbox 333 3781 1362 3911">
     <span class='ocr_line' id='line_1_34' title="bbox 335 3781 1362 3849; baseline -0.006 -10"><span class='ocrx_word' id='word_1_252' title='bbox 335 3789 343 3820; x_wconf 94' lang='lat'>¹</span> <span class='ocrx_word' id='word_1_253' title='bbox 361 3785 544 3839; x_wconf 82' lang='lat' dir='ltr'>misericordie:</span> <span class='ocrx_word' id='word_1_254' title='bbox 562 3800 608 3834; x_wconf 82' lang='lat' dir='ltr'>om.</span> <span class='ocrx_word' id='word_1_255' title='bbox 623 3782 663 3844; x_wconf 88' lang='lat'>87,</span> <span class='ocrx_word' id='word_1_256' title='bbox 675 3782 715 3833; x_wconf 91' lang='lat'>88.</span> <span class='ocrx_word' id='word_1_257' title='bbox 750 3781 814 3848; x_wconf 88' lang='lat' dir='ltr'>Cap.</span> <span class='ocrx_word' id='word_1_258' title='bbox 828 3781 871 3831; x_wconf 86' lang='lat' dir='ltr'>Hi</span> <span class='ocrx_word' id='word_1_259' title='bbox 879 3787 941 3831; x_wconf 75' lang='lat' dir='ltr'>sunt</span> <span class='ocrx_word' id='word_1_260' title='bbox 951 3782 1013 3843; x_wconf 82' lang='lat' dir='ltr'>vin&#39;,</span> <span class='ocrx_word' id='word_1_261' title='bbox 1026 3782 1102 3833; x_wconf 87' lang='lat' dir='ltr'>Brev.</span> <span class='ocrx_word' id='word_1_262' title='bbox 1117 3784 1174 3833; x_wconf 82' lang='lat' dir='ltr'>Sar.</span> <span class='ocrx_word' id='word_1_263' title='bbox 1189 3782 1224 3833; x_wconf 90' lang='lat' dir='ltr'>iii.</span> <span class='ocrx_word' id='word_1_264' title='bbox 1239 3793 1295 3849; x_wconf 81' lang='lat'>353,</span> <span class='ocrx_word' id='word_1_265' title='bbox 1306 3794 1362 3847; x_wconf 81' lang='lat'>452.</span> 
     </span>
     <span class='ocr_line' id='line_1_35' title="bbox 333 3847 661 3911; baseline -0.015 -7"><span class='ocrx_word' id='word_1_266' title='bbox 333 3854 345 3885; x_wconf 71' lang='lat'><strong>⁹</strong></span> <span class='ocrx_word' id='word_1_267' title='bbox 361 3852 492 3905; x_wconf 82' lang='lat' dir='ltr'>Secunde:</span> <span class='ocrx_word' id='word_1_268' title='bbox 508 3867 554 3900; x_wconf 80' lang='lat' dir='ltr'>orn.</span> <span class='ocrx_word' id='word_1_269' title='bbox 570 3849 609 3911; x_wconf 88' lang='lat'>87,</span> <span class='ocrx_word' id='word_1_270' title='bbox 621 3847 661 3899; x_wconf 85' lang='lat'>88.</span> 
     </span>
    </p>

    <p class='ocr_par' dir='ltr' id='par_1_15' title="bbox 333 3913 613 3984">
     <span class='ocr_line' id='line_1_36' title="bbox 333 3913 613 3984; baseline -0.021 -14"><span class='ocrx_word' id='word_1_271' title='bbox 333 3918 486 3984; x_wconf 77' lang='lat' dir='ltr'>³baptisto:</span> <span class='ocrx_word' id='word_1_272' title='bbox 503 3917 559 3966; x_wconf 83' lang='lat' dir='ltr'>add.</span> <span class='ocrx_word' id='word_1_273' title='bbox 574 3913 613 3964; x_wconf 89' lang='lat'>88.</span> 
     </span>
    </p>

    <p class='ocr_par' dir='ltr' id='par_1_16' title="bbox 335 3976 1364 4043">
     <span class='ocr_line' id='line_1_37' title="bbox 335 3976 1364 4043; baseline -0.004 -9"><span class='ocrx_word' id='word_1_274' title='bbox 335 3984 346 4016; x_wconf 82' lang='lat'><strong>⁴</strong></span> <span class='ocrx_word' id='word_1_275' title='bbox 363 3984 436 4034; x_wconf 81' lang='lat' dir='ltr'>Feria</span> <span class='ocrx_word' id='word_1_276' title='bbox 447 3999 503 4033; x_wconf 84' lang='lat' dir='ltr'>.11u.</span> <span class='ocrx_word' id='word_1_277' title='bbox 517 3980 549 4031; x_wconf 89' lang='lat' dir='ltr'>de</span> <span class='ocrx_word' id='word_1_278' title='bbox 561 3980 587 4031; x_wconf 88' lang='lat' dir='ltr'>S.</span> <span class='ocrx_word' id='word_1_279' title='bbox 603 3980 697 4037; x_wconf 86' lang='lat' dir='ltr'>Leone,</span> <span class='ocrx_word' id='word_1_280' title='bbox 706 3979 814 4043; x_wconf 81' lang='lat' dir='ltr'>printed</span> <span class='ocrx_word' id='word_1_281' title='bbox 821 3978 891 4026; x_wconf 59' lang='lat' dir='ltr'>tutte</span> <span class='ocrx_word' id='word_1_282' title='bbox 901 3993 960 4026; x_wconf 84' lang='lat' dir='ltr'>over</span> <span class='ocrx_word' id='word_1_283' title='bbox 969 3977 997 4026; x_wconf 82' lang='lat' dir='ltr'>in</span> <span class='ocrx_word' id='word_1_284' title='bbox 1009 3988 1051 4042; x_wconf 82' lang='lat'>95,</span> <span class='ocrx_word' id='word_1_285' title='bbox 1063 3989 1105 4040; x_wconf 85' lang='lat'>97,</span> <span class='ocrx_word' id='word_1_286' title='bbox 1118 3991 1148 4028; x_wconf 89' lang='lat'>01</span> <span class='ocrx_word' id='word_1_287' title='bbox 1159 3995 1168 4038; x_wconf 90' lang='lat'>;</span> <span class='ocrx_word' id='word_1_288' title='bbox 1184 3985 1274 4029; x_wconf 80' lang='lat' dir='ltr'>correct</span> <span class='ocrx_word' id='word_1_289' title='bbox 1284 3979 1312 4028; x_wconf 86' lang='lat' dir='ltr'>in</span> <span class='ocrx_word' id='word_1_290' title='bbox 1324 3976 1364 4030; x_wconf 90' lang='lat'>08.</span> 
     </span>
    </p>
   </div>
   <div class='ocr_carea' id='block_1_15' title="bbox 334 4043 1502 4175">
    <p class='ocr_par' dir='ltr' id='par_1_17' title="bbox 334 4043 1502 4175">
     <span class='ocr_line' id='line_1_38' title="bbox 335 4043 922 4107; baseline -0.015 -7"><span class='ocrx_word' id='word_1_291' title='bbox 335 4049 345 4079; x_wconf 77' lang='lat'>⁰</span> <span class='ocrx_word' id='word_1_292' title='bbox 362 4051 421 4099; x_wconf 86' lang='lat' dir='ltr'>fiat:</span> <span class='ocrx_word' id='word_1_293' title='bbox 438 4046 478 4098; x_wconf 88' lang='lat'>88.</span> <span class='ocrx_word' id='word_1_294' title='bbox 514 4047 553 4096; x_wconf 84' lang='lat' dir='ltr'>CI.</span> <span class='ocrx_word' id='word_1_295' title='bbox 571 4047 646 4095; x_wconf 86' lang='lat' dir='ltr'>Crede</span> <span class='ocrx_word' id='word_1_296' title='bbox 657 4043 765 4103; x_wconf 61' lang='lat' dir='ltr'>Arichig</span> <span class='ocrx_word' id='word_1_297' title='bbox 776 4054 831 4107; x_wconf 81' lang='lat'>154,</span> <span class='ocrx_word' id='word_1_298' title='bbox 844 4059 869 4107; x_wconf 90' lang='lat' dir='ltr'>p.</span> <span class='ocrx_word' id='word_1_299' title='bbox 882 4051 922 4105; x_wconf 82' lang='lat'>71.</span> 
     </span>
     <span class='ocr_line' id='line_1_39' title="bbox 334 4106 1502 4175; baseline -0.006 -10"><span class='ocrx_word' id='word_1_300' title='bbox 334 4113 422 4165; x_wconf 72' lang='lat' dir='ltr'>‘Ant</span> <span class='ocrx_word' id='word_1_301' title='bbox 448 4112 683 4173; x_wconf 58' lang='lat' dir='ltr'>turegemmtione</span> <span class='ocrx_word' id='word_1_302' title='bbox 704 4110 778 4159; x_wconf 81' lang='lat' dir='ltr'>Brev.</span> <span class='ocrx_word' id='word_1_303' title='bbox 801 4110 859 4157; x_wconf 85' lang='lat' dir='ltr'>Sar.</span> <span class='ocrx_word' id='word_1_304' title='bbox 881 4106 909 4169; x_wconf 91' lang='lat' dir='ltr'>ii,</span> <span class='ocrx_word' id='word_1_305' title='bbox 931 4117 988 4171; x_wconf 87' lang='lat'>371.</span> <span class='ocrx_word' id='word_1_306' title='bbox 1024 4109 1085 4159; x_wconf 81' lang='lat' dir='ltr'>Ant.</span> <span class='ocrx_word' id='word_1_307' title='bbox 1104 4109 1218 4174; x_wconf 80' lang='lat' dir='ltr'>Ingresso</span> <span class='ocrx_word' id='word_1_308' title='bbox 1234 4110 1369 4171; x_wconf 74' lang='lat' dir='ltr'>lucianii,</span> <span class='ocrx_word' id='word_1_309' title='bbox 1387 4109 1422 4161; x_wconf 86' lang='lat' dir='ltr'>iii.</span> <span class='ocrx_word' id='word_1_310' title='bbox 1444 4123 1502 4175; x_wconf 83' lang='lat'>339.</span> 
     </span>
    </p>
   </div>
   <div class='ocr_carea' id='block_1_16' title="bbox 301 4174 1504 4499">
    <p class='ocr_par' dir='ltr' id='par_1_18' title="bbox 301 4174 890 4239">
     <span class='ocr_line' id='line_1_40' title="bbox 301 4174 890 4239; baseline -0.01 -10"><span class='ocrx_word' id='word_1_311' title='bbox 301 4183 334 4231; x_wconf 88' lang='lat' dir='ltr'>V.</span> <span class='ocrx_word' id='word_1_312' title='bbox 350 4181 413 4230; x_wconf 80' lang='lat' dir='ltr'>Fuit</span> <span class='ocrx_word' id='word_1_313' title='bbox 423 4180 501 4236; x_wconf 81' lang='lat' dir='ltr'>homo,</span> <span class='ocrx_word' id='word_1_314' title='bbox 514 4176 550 4225; x_wconf 85' lang='lat' dir='ltr'>iii.</span> <span class='ocrx_word' id='word_1_315' title='bbox 565 4174 619 4239; x_wconf 84' lang='lat'>338.</span> <span class='ocrx_word' id='word_1_316' title='bbox 655 4176 716 4224; x_wconf 81' lang='lat' dir='ltr'>Ant.</span> <span class='ocrx_word' id='word_1_317' title='bbox 731 4176 837 4223; x_wconf 85' lang='lat' dir='ltr'>Factum</span> <span class='ocrx_word' id='word_1_318' title='bbox 848 4179 890 4223; x_wconf 80' lang='lat' dir='ltr'>est.</span> 
     </span>
    </p>

    <p class='ocr_par' dir='ltr' id='par_1_19' title="bbox 334 4237 865 4301">
     <span class='ocr_line' id='line_1_41' title="bbox 334 4237 865 4301; baseline -0.017 -5"><span class='ocrx_word' id='word_1_319' title='bbox 334 4245 344 4277; x_wconf 89' lang='lat'>⁷</span> <span class='ocrx_word' id='word_1_320' title='bbox 360 4262 417 4295; x_wconf 90' lang='lat' dir='ltr'>cum</span> <span class='ocrx_word' id='word_1_321' title='bbox 427 4243 543 4294; x_wconf 76' lang='lat' dir='ltr'>oracione</span> <span class='ocrx_word' id='word_1_322' title='bbox 551 4241 594 4301; x_wconf 78' lang='lat' dir='ltr'>for</span> <span class='ocrx_word' id='word_1_323' title='bbox 602 4257 659 4291; x_wconf 87' lang='lat' dir='ltr'>cum</span> <span class='ocrx_word' id='word_1_324' title='bbox 671 4239 807 4289; x_wconf 87' lang='lat' dir='ltr'>memoria:</span> <span class='ocrx_word' id='word_1_325' title='bbox 824 4237 865 4288; x_wconf 92' lang='lat'>88.</span> 
     </span>
    </p>

    <p class='ocr_par' dir='ltr' id='par_1_20' title="bbox 334 4305 749 4361">
     <span class='ocr_line' id='line_1_42' title="bbox 334 4305 749 4361; baseline -0.019 0"><span class='ocrx_word' id='word_1_326' title='bbox 334 4310 345 4341; x_wconf 81' lang='lat'>³</span> <span class='ocrx_word' id='word_1_327' title='bbox 362 4310 407 4361; x_wconf 88' lang='lat' dir='ltr'>SS.</span> <span class='ocrx_word' id='word_1_328' title='bbox 423 4311 541 4358; x_wconf 85' lang='lat' dir='ltr'>Processo</span> <span class='ocrx_word' id='word_1_329' title='bbox 552 4316 577 4356; x_wconf 90' lang='lat' dir='ltr'>et</span> <span class='ocrx_word' id='word_1_330' title='bbox 589 4305 749 4355; x_wconf 82' lang='lat' dir='ltr'>Martiniano.</span> 
     </span>
    </p>

    <p class='ocr_par' dir='ltr' id='par_1_21' title="bbox 296 4367 1504 4556">
     <span class='ocr_line' id='line_1_43' title="bbox 333 4367 1504 4438; baseline -0.005 -12"><span class='ocrx_word' id='word_1_331' title='bbox 333 4376 344 4406; x_wconf 79' lang='lat'><strong>⁹</strong></span> <span class='ocrx_word' id='word_1_332' title='bbox 360 4376 407 4425; x_wconf 91' lang='lat' dir='ltr'>nisi</span> <span class='ocrx_word' id='word_1_333' title='bbox 423 4374 507 4438; x_wconf 78' lang='lat' dir='ltr'>eliqua</span> <span class='ocrx_word' id='word_1_334' title='bbox 524 4371 649 4422; x_wconf 84' lang='lat' dir='ltr'>dominion</span> <span class='ocrx_word' id='word_1_335' title='bbox 664 4370 739 4419; x_wconf 77' lang='lat' dir='ltr'>debet</span> <span class='ocrx_word' id='word_1_336' title='bbox 754 4367 865 4419; x_wconf 80' lang='lat' dir='ltr'>differri:</span> <span class='ocrx_word' id='word_1_337' title='bbox 883 4376 943 4418; x_wconf 87' lang='lat' dir='ltr'>tunc</span> <span class='ocrx_word' id='word_1_338' title='bbox 958 4367 1021 4418; x_wconf 89' lang='lat' dir='ltr'>nihil</span> <span class='ocrx_word' id='word_1_339' title='bbox 1032 4368 1064 4419; x_wconf 88' lang='lat' dir='ltr'>de</span> <span class='ocrx_word' id='word_1_340' title='bbox 1076 4368 1210 4430; x_wconf 79' lang='lat' dir='ltr'>dominica,</span> <span class='ocrx_word' id='word_1_341' title='bbox 1224 4385 1305 4437; x_wconf 88' lang='lat' dir='ltr'>neque</span> <span class='ocrx_word' id='word_1_342' title='bbox 1316 4370 1348 4421; x_wconf 89' lang='lat' dir='ltr'>de</span> <span class='ocrx_word' id='word_1_343' title='bbox 1368 4370 1504 4432; x_wconf 83' lang='lat' dir='ltr'>Trinitate,</span> 
     </span>
     <span class='ocr_line' id='line_1_44' title="bbox 586 4434 735 4499; baseline -0.018 52.715"><span class='ocrx_word' id='word_1_344' title='bbox 586 4447 628 4499; x_wconf 50' lang='lat'>⁹⁷:</span> <span class='ocrx_word' id='word_1_345' title='bbox 694 4434 735 4485; x_wconf 79' lang='lat'>⁰⁸·</span> 
     </span>
    </p>
   </div>
   <div class='ocr_carea' id='block_1_17' title="bbox 0 0 1670 5218">
    <p class='ocr_par' dir='ltr' id='par_1_22' title="bbox 0 0 1670 5218">
     <span class='ocr_line' id='line_1_45' title="bbox 0 0 1670 5218; baseline 0 5"><span class='ocrx_word' id='word_1_346' title='bbox 0 0 1670 5218; x_wconf 95' lang='lat' dir='ltr'> </span> 
     </span>
    </p>
   </div>
  </div>
 </body>
</html>
