3316 5220
263 450 310 500 282
588 451 710 501 DIREC
712 450 737 499 T
736 450 863 499 ORIUM
890 448 1156 499 SACERDOTUM.

306 610 339 680 ἦ
364 604 459 666 Feria
475 604 538 668 iiii.
554 604 597 667 de
613 603 701 667 seria.
748 602 987 686 Responsoria¹
1002 600 1183 682 Hymnum.

304 722 339 792 εἷ
363 717 460 779 Feria
475 738 511 781 .v.
528 718 571 780 de
586 716 672 779 sesto
688 716 759 779 loci.

303 834 337 904 (I
362 830 390 891 F
391 829 458 891 eria
474 830 523 893 .vi.
539 829 582 892 de
597 827 780 911 apostolis‚¹
794 827 936 890 Inferius
951 826 1088 909 duplex.

303 946 338 1016 li
362 940 522 1019 Sabbato,
537 943 580 1005 de
595 950 713 1004 sancta
730 940 846 1004 Maria.

302 1059 337 1129 li
359 1054 427 1118 Vbi
444 1053 528 1118 liunt
542 1063 610 1118 tres
625 1053 983 1128 commemorationes,8
1000 1051 1092 1114 Nihil
1108 1051 1171 1114 hac
1192 1050 1406 1114 hebdomada
1429 1050 1474 1113 de

260 1140 341 1210 .iiii.†
356 1142 697 1205 commemoratione.³
734 1142 792 1204 Ad
809 1160 964 1222 vesperas
979 1140 1022 1203 de
1038 1137 1164 1202 Sancta
1180 1137 1294 1213 Cruce,
1310 1138 1475 1201 memoria

260 1229 303 1291 de
325 1228 557 1310 martyribus⁴:
580 1229 623 1291 de
646 1228 833 1291 dominica:
856 1236 891 1290 et
914 1227 1080 1309 processio
1103 1225 1171 1303 fiat,
1186 1245 1261 1288 cum
1286 1224 1475 1307 antiphona

263 1314 292 1378 0
306 1336 388 1378 crux
395 1317 548 1398 gloriosa.

263 1477 322 1531 M.
437 1435 470 1505 (l
495 1429 674 1493 Dominica
688 1449 736 1506 .v.,
752 1438 861 1491 toturn
877 1427 920 1490 de
934 1425 1133 1489 inuentione
1150 1423 1273 1489 Sancte
1287 1423 1411 1497 Crucis,
1424 1426 1473 1487 et⁵

296 1475 374 1548 ³¹3¹
439 1516 585 1579 solennis
608 1516 769 1579 memoria
799 1515 841 1578 de
873 1514 1097 1594 martyribus.¹
1157 1511 1365 1594 Antiphona,
1396 1512 1477 1573 Lux

251 1611 409 1682 perpetua
436 1605 576 1667 minor¹1
611 1603 744 1667 Deinde
770 1603 813 1665 de
844 1601 1029 1665 dominica:
1064 1614 1098 1663 et
1121 1601 1288 1682 processio
1312 1597 1369 1661 fiat
1392 1608 1475 1661 ante

260 1691 425 1753 crucem¹r
459 1700 493 1754 et
521 1691 681 1754 memoria
708 1690 750 1752 de
774 1689 943 1752 dominica
967 1687 1010 1750 ad
1038 1687 1229 1761 matutinas,
1251 1687 1310 1749 sed
1335 1706 1401 1748 non
1426 1686 1472 1750 ad

262 1775 405 1839 missam.
453 1777 569 1841 Nulla⁸
585 1776 643 1840 fiat
659 1778 821 1840 memoria
837 1778 878 1840 de
895 1774 1143 1838 resurrectione.

251 1902 254 1905 ·
303 1888 458 1962 (lFeria
473 1889 512 1953 ii.
529 1889 751 1971 rogationum,
773 1889 817 1951 de
844 1887 931 1951 seria.
978 1885 1205 1969 Responsoria
1228 1884 1342 1949 Deduc
1362 1905 1421 1962 me,
1436 1894 1474 1948 et

261 1974 363 2036 missa
378 1976 608 2040 dominicalis.¹

302 2091 336 2161 (I
361 2087 388 2148 F
390 2089 458 2149 eria
472 2089 524 2151 ,iii
540 2088 583 2151 de
598 2098 714 2151 sancta
731 2087 847 2150 Maria.

260 2284 316 2348 Ad
334 2287 526 2365 matutinas,
542 2288 703 2350 memoria
719 2288 761 2350 de
783 2286 921 2368 vigilia¹¹
938 2295 1079 2348 tantum.

301 2403 336 2473 {i
360 2399 456 2461 Feria
471 2422 518 2475 .v.,
535 2399 605 2462 dies
621 2399 838 2462 Ascensionis
855 2397 1014 2461 Domini:
1038 2396 1159 2460 festum
1176 2394 1365 2477 principale.
1412 2394 1471 2457 Ad

259 2486 423 2548 secundas
454 2506 609 2569 vesperas
640 2485 698 2549 fiat
725 2486 886 2548 memoria
912 2485 1069 2568 priuatim
1100 2484 1144 2547 de
1173 2491 1290 2546 sancto
1319 2481 1472 2545 Iohanne

260 2573 453 2655 episcopo.¹¹

302 2690 336 2760 (1
361 2685 458 2747 Feria
472 2685 522 2749 .vi.
538 2685 582 2749 de
599 2667 717 2747 sancto
743 2684 893 2770 iohanne
916 2682 958 2746 de
983 2682 1183 2745 Beuerlaco:
1206 2690 1274 2744 tres
1291 2680 1471 2745 lectiones:

260 2771 420 2834 memoria
436 2772 479 2834 de
494 2772 656 2836 oetauis.¹1

302 2889 336 2959 (I
360 2882 519 2962 Sabbato,
535 2885 577 2948 de
593 2883 755 2947 octauis.¹¹
800 2882 1008 2965 Antiphone,
1023 2880 1179 2964 psalmi,¹³
1195 2890 1229 2943 et
1242 2880 1470 2962 Responsoria

259 2972 301 3033 de
318 2972 366 3035 .vi.
384 2970 471 3035 feria.
517 2970 575 3034 Ad
592 2990 756 3053 vesperas,
774 2970 935 3033 memoria
950 2970 993 3031 de
1010 2968 1237 3049 martyribus¹⁴
1253 2977 1394 3031 tantum.

434 3088 468 3158 (I
492 3084 672 3147 Dominica
692 3081 786 3146 inira
820 3091 957 3146 octauas
994 3079 1233 3144 Ascensionis:
1278 3087 1387 3143 toturn
1426 3080 1472 3143 de

436 3171 624 3234 dominica:
648 3170 809 3233 memoria
821 3170 863 3231 de
880 3168 1041 3244 sanctis,¹⁴
1058 3177 1092 3231 et
1107 3169 1151 3231 de
1165 3167 1328 3230 octauis.¹l

301 3287 334 3356 (l
360 3283 457 3344 Feria
480 3283 518 3347 .ii.
542 3283 585 3347 de
612 3283 787 3346 octauis¹¹:
811 3281 1005 3363 antiphone,
1029 3279 1159 3363 psalmi,
1184 3288 1218 3343 et
1230 3280 1469 3361 Responsoria,

258 3369 345 3431 sicut
362 3370 394 3431 in
410 3371 459 3433 .vi.
477 3369 556 3432 feria
573 3370 772 3452 precedenti.

296 3486 341 3631 ἐξ
360 3482 455 3544 Feria
470 3482 522 3546 .iii.
539 3483 581 3545 de
596 3482 746 3545 octauis:
770 3480 963 3564 antiphone,
978 3478 1108 3563 psalmi,
1125 3488 1158 3542 et
1176 3478 1402 3561 Responsoria
1425 3480 1470 3542 de

257 3588 295 3630 sa
342 3579 406 3632 ato.

261 3132 320 3186 Mai
338 3130 390 3203 ro]

289 3785 463 3851 ¹scilieetsor
479 3789 529 3838 Res
565 3788 664 3839 nsoria:
682 3786 776 3848 87,88.
970 3788 1015 3839 SS.
1033 3788 1116 3854 Philip
1161 3790 1300 3839 etlacobo.

288 3851 342 3888 ³—¹
359 3853 384 3901 in
396 3853 439 3902 iiii.
454 3851 515 3903 seria
542 3863 568 3903 at
580 3854 596 3903 i.
610 3852 830 3904 commemoratio:
848 3853 889 3915 87,
902 3851 943 3913 88,
956 3865 996 3916 97,
1010 3866 1051 3903 01.
1090 3857 1128 3903 C.
1142 3854 1219 3903 Brea.
1234 3870 1258 3919 p.
1272 3853 1397 3904 dccccxix.

288 3916 299 3946 ⁴
316 3918 361 3968 SS.
377 3919 531 3979 Alexandro,
545 3918 654 3969 Eventio
664 3927 690 3968 et
702 3918 850 3969 Theodulio.
935 3917 946 3948 ¹
962 3929 987 3968 et
999 3919 1126 3970 solennis:
1143 3936 1190 3969 om.
1205 3918 1246 3981 87,
1259 3918 1299 3969 88.

288 3979 299 4012 ¹
315 3983 361 4033 SS.
376 3984 521 4033 Alexandro
532 3994 579 4033 etc.
936 3983 989 4020 ⁷—7
1005 4001 1051 4034 om.
1066 4002 1072 4035 :
1089 3984 1131 4046 87,
1144 3983 1184 4034 88.

288 4046 435 4098 ¹etnulla:
453 4047 547 4110 87,88.

288 4111 299 4143 ⁹
315 4113 366 4162 Vbi
389 4114 452 4163 fiunt
474 4124 523 4164 tres
545 4113 803 4174 commemorationes,
822 4114 848 4163 in
864 4115 912 4164 hac
929 4114 955 4164 ii.
974 4114 1037 4164 seria
1053 4114 1169 4164 dicantur
1187 4115 1355 4181 Responsoria
1377 4115 1463 4166 dciii.

255 4176 316 4227 feria
328 4178 421 4229 scilicet
433 4180 561 4227 Hinmum
574 4189 603 4237 et¹
612 4178 780 4244 Responsoria
791 4179 823 4230 de
840 4179 884 4229 iiii.
898 4179 959 4229 seria
970 4180 1182 4244 pretermittantur
1194 4198 1201 4230 τ
1218 4179 1258 4241 87,
1272 4179 1304 4228 88
1316 4199 1322 4230 :
1340 4180 1391 4229 Vbi
1402 4180 1467 4231 fiunt

255 4254 304 4293 tres
316 4245 573 4303 commemorationes,
584 4245 609 4294 in
621 4245 669 4294 hac
677 4244 703 4294 ii.
714 4244 775 4293 seria
786 4244 900 4294 dicantur
910 4246 1079 4310 Responsoria
1087 4245 1119 4295 de
1128 4245 1162 4294 iii.
1174 4245 1244 4304 feria,
1257 4256 1282 4295 et
1295 4247 1467 4310 Responsoria

254 4309 287 4358 de
299 4308 341 4357 iiii.
357 4309 418 4358 seria
429 4309 649 4374 praemittantur,
663 4319 687 4359 et
700 4309 773 4359 missa
785 4309 817 4359 de
828 4309 913 4374 vigilia
924 4310 1015 4360 dicitur
1027 4311 1052 4359 in
1064 4310 1239 4375 processione:
1257 4322 1298 4373 97,
1310 4324 1351 4360 01.

287 4371 306 4404 ¹⁰
322 4384 380 4423 ante
392 4384 456 4439 port.
470 4374 539 4425 latin.
939 4373 959 4405 ¹¹
976 4376 1145 4425 Ascensionis.

287 4436 306 4468 ¹²
323 4440 503 4489 Beuerlacensi.
935 4438 956 4471 ¹¹
973 4441 1080 4506 psalmi:
1097 4458 1144 4491 orn.
1159 4440 1200 4502 87,
1213 4440 1252 4490 88.

286 4502 306 4533 ¹¹
323 4504 368 4555 SS.
384 4503 514 4555 Gordiano
525 4514 550 4554 et
563 4502 710 4571 Epimacho
