3372 5224
532 514 537 523 .
580 469 742 519 PRIMUM
759 469 792 518 B.
826 471 882 517 xvi.
900 469 961 518 xiii.
980 485 1004 518 v.
1024 469 1055 518 ii.
1369 478 1416 529 123

386 626 421 697 (I
444 620 624 684 Dominica
649 622 712 685 iiii
739 631 816 704 post
841 621 953 697 Pasca
979 621 1021 684 de
1045 621 1185 685 semicio
1214 618 1416 684 dominicali.

389 708 615 791 Responsoria
654 708 700 773 Si
737 708 879 772 oblitus:
923 710 1062 772 tercium
1098 707 1362 790 Responsorium
1394 727 1415 769 a

211 792 342 857 duobus
356 804 517 858 cantetur.
565 795 604 858 ln
621 795 776 859 laudibus
791 815 910 860 omnes
925 795 1111 879 antiphone
1126 792 1303 858 dicuntur.¹

253 919 286 990 (I
313 914 383 977 lsta
398 915 566 979 dominica
581 915 708 979 carebit
723 917 872 998 vtrisque
886 917 1042 998 vesperis,
1057 915 1242 978 secundum
1257 912 1416 977 ordinale.

210 668 290 741 April
302 667 358 740 24]

253 1039 288 1109 (Ι
311 1033 409 1097 Feria
424 1035 464 1097 .ii.
477 1035 519 1097 de
535 1044 653 1099 sancto
675 1035 799 1113 Marco,
818 1036 958 1099 Inferius
974 1036 1110 1119 duplex.

250 1154 408 1302 Ι(ΙΙῖετία
423 1155 484 1229 .ἰίἰ.,
501 1155 543 1218 de
559 1154 648 1220 feria
694 1156 933 1239 Responsoria¹
950 1155 1112 1219 Narrabo.
1152 1155 1257 1219 Missa
1272 1153 1417 1217 domini-

209 1262 248 1302 ca
263 1262 298 1304 is.

253 1367 286 1438 ΙΙ
311 1362 409 1425 Feria
425 1363 488 1425 iiii.
505 1363 547 1426 de
563 1362 649 1426 festo
664 1362 736 1426 loci.

252 1487 286 1558 (l
311 1483 408 1545 Feria
445 1504 483 1546 .v.
519 1484 562 1547 de
592 1493 710 1546 sancto
739 1482 863 1560 Vitale,
901 1483 1136 1547 Inuitatorium
1172 1481 1311 1565 duplex,
1347 1491 1415 1544 tres

210 1570 370 1633 lectiones
385 1590 461 1632 cum
479 1570 638 1653 regimine
654 1571 753 1635 chori.

252 1695 287 1765 01
311 1690 408 1753 Feria
438 1690 489 1753 .vi.
519 1690 563 1753 de
592 1690 682 1755 seria
736 1691 964 1774 Responsoria
993 1692 1036 1754 de
1068 1687 1145 1774 [ἰίἰ]8
1174 1689 1264 1765 feria,
1289 1688 1415 1752 scilicet

209 1777 389 1856 Hymnum.
435 1776 590 1859 Epistola
605 1789 640 1841 et
655 1777 865 1858 euangelium
882 1778 1032 1840 eiusdem
1049 1777 1136 1840 serie.

252 1902 285 1973 ΙΙ
308 1896 469 1971 Sabbato,
480 1897 523 1960 de
533 1906 650 1961 sancta
662 1897 779 1961 Maria
817 1896 886 1961 Vbi
896 1895 980 1961 fiunt
994 1907 1060 1961 tres
1072 1895 1414 1968 commemorationes,

210 1984 243 2046 in
259 1982 309 2048 .vi.
333 1982 414 2046 seria
438 1982 496 2046 liat
519 2003 585 2046 vna
607 1986 891 2048 commemoratio.
938 1985 997 2048 Ad
1013 2004 1167 2067 vesperas
1183 1983 1226 2046 de
1241 1981 1414 2065 apostolis⁴

210 2070 268 2134 fiat
283 2071 428 2134 solennis
445 2072 606 2134 memoria
621 2071 663 2134 de
678 2071 856 2150 dominica,
871 2072 920 2135 et¹
934 2073 1101 2155 processio
1113 2072 1205 2134 ante¹
1220 2088 1360 2133 crucem.

384 2196 419 2266 {I
442 2191 621 2254 Dominica
644 2213 681 2255 .v.
704 2201 782 2275 post
805 2191 919 2268 Pasca,
945 2192 987 2254 de
1014 2190 1174 2273 apostolis
1200 2188 1355 2272 Philippo
1379 2194 1415 2250 et

210 2241 279 2310 ¹¹²¹
294 2237 330 2311 ¹¹
388 2277 520 2341 Iacobo.
569 2277 709 2342 Inferius
724 2279 860 2362 duplex.

250 2401 285 2472 (I
309 2396 406 2459 Feria
421 2397 461 2460 .ii.
476 2397 519 2460 de
535 2396 631 2472 seriis,
647 2418 723 2461 cum
739 2399 952 2481 expositione
967 2397 1141 2481 euangelii.
1187 2395 1411 2478 Responsoria

209 2483 252 2545 de
266 2484 329 2547 iiii
346 2483 436 2561 feria,
452 2484 578 2547 scilicet
593 2485 707 2547 Deduc
721 2506 778 2548 ma
834 2486 939 2548 Missa
962 2485 1172 2549 dominicalis
1196 2485 1258 2548 erit
1280 2501 1413 2546 summa

210 2570 320 2634 missa
366 2570 472 2634 Missa
487 2571 530 2634 de
545 2571 667 2636 ieiunio
682 2572 815 2636 dicitur¹
831 2574 864 2635 in
881 2574 1099 2655 processione.

251 2696 285 2767 (l
309 2691 337 2753 F
338 2691 407 2754 eria
421 2692 472 2755 ‚iii
489 2690 559 2775 [de]
577 2691 703 2756 Sancta
720 2693 835 2769 Cruce,
849 2695 958 2756 minus
974 2694 1110 2776 duplex.
1155 2691 1213 2754 Ad
1231 2691 1413 2755 matutinas

209 2779 254 2878 acl
279 2779 474 2842 memoriam
498 2781 541 2842 de
568 2779 782 2862 martyribus¹
806 2781 928 2845 dicitur
953 2780 1139 2862 antiphona
1161 2779 1243 2842 Lux
1256 2788 1412 2860 perpetua

210 2883 325 2928 mmor.

251 2991 286 3062 (I
310 2986 406 3048 Feria
428 2986 489 3049 iiii.
513 2986 555 3048 de
579 2987 682 3061 feria,¹
706 3007 782 3050 cum
806 2988 1020 3070 expositione
1043 2986 1216 3068 euangelii.
1262 2986 1414 3067 Respon-

209 3073 297 3135 soria
311 3072 354 3135 de
369 3072 409 3137 .ii.
425 3071 515 3149 feria,
528 3074 654 3137 scilicet
668 3073 834 3151 Narrabo,
849 3094 925 3137 cum
943 3075 1168 3156 Responsorio
1183 3073 1308 3136 Dt'cant
1321 3093 1413 3136 nunc.

210 3159 276 3223 Vbi
293 3159 377 3222 liunt
391 3168 458 3222 tres
473 3163 818 3237 commemorationes,
831 3162 864 3224 in
880 3162 920 3224 .ii.
937 3161 1016 3223 leria
1032 3162 1242 3243 rogationum
1259 3160 1415 3223 dicuntur

211 3246 436 3329 Responsoria
460 3248 577 3311 dciii.
601 3247 690 3311 seria
737 3249 782 3312 Et
803 3249 836 3311 in
853 3249 966 3329 vigilia
989 3249 1206 3311 Ascensionis
1232 3246 1414 3310 dicuntur¹⁰

210 3421 390 3484 omittatur.

255 3536 379 3625 [evii]
425 3547 458 3617 11
482 3542 579 3604 Feria
605 3564 652 3617 .v.,
676 3541 798 3605 festum
825 3541 1050 3618 Ascensionis,
1078 3540 1258 3624 principale
1282 3540 1412 3603 festum.

209 3626 267 3691 Ad
290 3648 446 3711 vesperas
470 3629 529 3692 liat
551 3629 613 3692 sub
635 3628 767 3693 silentio
790 3630 952 3693 memoria
968 3631 1011 3693 de
1027 3639 1144 3692 sancto
1171 3627 1319 3691 lohanne
1333 3635 1413 3690 ante

209 3724 341 3796 portam
357 3714 506 3779 latinam.

252 3840 285 3911 (I
309 3836 338 3898 F
338 3836 406 3899 eria
421 3837 471 3899 .vi.
487 3838 530 3900 de
545 3835 725 3920 apostolo¹¹
740 3847 774 3900 et
790 3838 952 3900 memoria
967 3838 1009 3900 de
1023 3836 1160 3913 octauis,
1178 3834 1412 3900 Inuitatorium

209 3922 342 4004 triplex.
398 3922 456 3987 Ad
489 3925 624 3987 missam
652 3924 773 3988 dicitur
799 3923 909 4001 Credo,
932 3933 966 3988 et
996 3924 1142 3988 Preiatio
1170 3924 1213 3987 de
1242 3920 1411 4005 apostolis.

242 4119 250 4149 ¹
267 4120 398 4170 dimotur:
416 4119 455 4170 88.
849 4120 860 4150 ¹
878 4123 1092 4187 Responsorium:
1110 4121 1149 4171 88.

240 4184 252 4215 ³
267 4185 302 4234 iii.
318 4203 326 4237 a
342 4202 389 4235 om.
403 4197 445 4248 97,
457 4199 497 4236 οι.
852 4194 864 4216 “
880 4188 926 4238 SS.
943 4188 1025 4252 Philip
1070 4198 1095 4237 et
1107 4187 1208 4237 Iacobo.

241 4249 482 4314 ‘etzompmn
851 4249 986 4313 ¹ad287,
1037 4289 1043 4302 .

239 4314 250 4347 ⁷
266 4316 363 4366 dicatur
373 4335 380 4367 r
392 4315 432 4366 88.
849 4316 860 4347 ⁸
877 4318 923 4368 SS.
937 4318 1091 4377 Alexandro,
1106 4318 1213 4368 Euentio
1224 4328 1249 4367 et
1260 4316 1409 4366 Theodulio.

240 4378 251 4410 ¹
267 4381 352 4433 seriis:
369 4392 410 4443 97,
422 4395 463 4431 01.
842 4380 862 4412 ¹⁰
878 4383 1008 4433 dicantur:
1026 4382 1065 4432 88.

241 4443 259 4475 ¹¹
277 4456 320 4497 et:
337 4463 384 4495 om.
398 4458 439 4509 97,
451 4460 492 4498 01.

240 4509 261 4540 ¹²
277 4513 391 4562 Iohanne
401 4522 460 4563 ante
472 4520 536 4578 port.
551 4512 621 4562 latin.
