3326 5208
490 455 667 506 TERCIUM
687 455 715 504 C.
750 453 837 507 xviii
852 456 904 504 xri.
924 456 962 505 ix.
980 455 1015 503 vi.
1036 455 1054 504 i.
1331 465 1379 516 223

213 614 247 685 11
271 608 374 671 Nulla
390 608 448 672 hat
465 608 626 672 memoria
641 608 684 671 de
706 606 833 672 Sancto
850 605 986 690 Spiritu,
1001 607 1043 670 ad
1067 627 1222 691 vesperas
1250 627 1311 670 nec
1334 609 1378 672 ad

171 697 354 759 matutinas
369 696 412 759 de
427 706 544 759 sancta
561 695 677 760 Maria

168 814 242 881 June
255 810 293 883 6.]
346 814 380 885 11
404 809 443 871 In
460 808 515 871 die
532 806 656 872 Sancte
672 806 856 883 Trinitatis,
872 817 980 870 totum
997 807 1040 870 de
1056 805 1149 871 sesto

213 928 247 999 11
271 922 368 985 Feria
383 921 421 985 .ii.
437 920 481 983 de
496 919 582 983 sesto
597 919 669 983 loci.

213 1040 247 1111 11
272 1034 368 1097 Feria
384 1033 433 1097 iii.
449 1034 492 1097 de
507 1041 624 1095 sancta
641 1030 755 1095 Maria

171 1233 392 1316 martyribus,l
408 1241 442 1295 et
459 1232 620 1294 memoria
642 1230 685 1293 de
707 1230 856 1293 octauis.s
901 1228 959 1293 Ad
975 1249 1140 1312 vesperas,
1155 1230 1317 1293 memoria
1336 1230 1380 1293 de

171 1331 289 1385 sancto
305 1320 489 1384 Edmundo
504 1318 567 1380 sub
581 1317 713 1380 silentio
729 1326 869 1380 tantum.

215 1451 249 1522 11
273 1446 369 1508 Feria
379 1465 415 1507 .v.
427 1442 547 1506 festum
560 1441 717 1525 Corporis
728 1439 972 1516 Christi,maius
982 1442 1116 1524 duplex.
1149 1442 1205 1505 Ad
1216 1445 1379 1508 secundas

172 1553 337 1615 vesperas,
381 1529 567 1610 antiphona
616 1528 795 1611 Sapunto.
865 1528 1025 1605 Psalmus,
1066 1529 1167 1591 Dixit
1207 1531 1379 1608 Dominus,

171 1630 206 1683 et
221 1620 321 1683 ceteri
345 1618 465 1701 psalmi
488 1617 593 1700 prime
618 1616 731 1678 noetis.
782 1616 951 1696 Hymnus,
975 1615 1089 1678 Sociis
1109 1617 1288 1681 solenniis:
1309 1639 1381 1680 ver·

172 1708 304 1783 siculus,
333 1706 460 1768 Panem
489 1704 530 1766 de
558 1703 625 1766 colo.
684 1703 744 1765 lsti
776 1701 906 1785 psalmi,
935 1703 1090 1784 hymnus,
1119 1714 1153 1767 et
1191 1702 1379 1780 versiculus,

173 1795 340 1857 dicuntur³
372 1812 430 1874 per
464 1801 553 1854 totas
586 1791 745 1864 octauas‚⁴
778 1789 915 1871 quando
946 1791 989 1852 de
1012 1791 1092 1872 ipsis
1126 1789 1164 1853 fit
1195 1792 1378 1856 seruicium.

174 1881 340 1944 Memoria
355 1880 397 1943 de
413 1888 530 1941 sancto
547 1877 781 1953 Barnaba,sub
795 1877 935 1940 silentio.
981 1875 1128 1958 Quando
1152 1876 1189 1940 fit
1204 1879 1379 1941 seruicium

173 1970 216 2032 de
247 1968 360 2050 aliquo
396 1976 514 2028 sancto
545 1965 598 2027 ix.
623 1963 813 2039 lectionum,
836 1962 921 2026 inira
942 1966 1093 2027 octauas⁴
1115 1965 1159 2027 ad
1182 1963 1289 2041 horas,
1313 1986 1379 2028 non

172 2056 302 2118 dicatur
324 2073 438 2117 versus
463 2051 578 2115 Gloria
600 2051 668 2127 tibi,
691 2050 840 2129 Domine,
862 2052 922 2132 qui
942 2060 1062 2115 notus:
1094 2052 1154 2115 sed
1177 2054 1315 2135 quando
1337 2053 1380 2116 de

172 2143 302 2206 octauis
319 2140 356 2203 fit
370 2139 546 2203 seruicium
563 2148 703 2202 tantum.

216 2274 250 2344 11
275 2266 370 2328 Feria
385 2265 433 2328 .vi.
449 2265 492 2327 de
507 2273 625 2326 sancto
641 2262 795 2325 Barnaba
818 2261 981 2345 apostolo,
999 2263 1231 2326 Inuitatorium
1248 2263 1380 2347 triplerc

176 2354 289 2417 Medic
324 2351 482 2415 lectiones
513 2350 556 2413 de
588 2351 716 2413 octauis
740 2349 897 2432 Corporis
925 2348 1066 2414 Christi:
1096 2361 1131 2414 et
1154 2352 1315 2415 memoria
1337 2353 1380 2416 de

175 2439 513 2505 octauisTrinitatis.³

216 2572 251 2642 11
274 2564 435 2644 Sabbato,
446 2564 488 2626 de
498 2562 646 2639 octauis,⁴
657 2572 722 2625 tres
732 2561 1101 2625 lectioneS.versiculus
1111 2574 1144 2626 et
1155 2561 1382 2646 Responsoria

174 2655 218 2717 de
244 2652 392 2715 secundo
418 2661 599 2713 nocturno:
626 2649 787 2711 memoria
811 2648 853 2711 de
878 2649 1101 2730 martyribus‚⁰
1125 2660 1159 2713 et
1182 2651 1226 2714 de
1252 2651 1380 2714 octauis

175 2740 356 2805 Trinitatis.
395 2737 451 2800 Ad
474 2756 629 2818 vesperas
652 2735 696 2798 de
718 2736 858 2798 octauis⁴
883 2734 1056 2799 inchoetur
1078 2736 1114 2819 [le
1139 2737 1205 2820 iii]
1230 2738 1381 2801 Historia

175 2849 251 2891 cum
267 2824 452 2908 antiphona
467 2823 610 2905 Loquere
623 2822 786 2885 Domine.
803 2823 963 2885 memoria
980 2823 1024 2886 de
1040 2822 1226 2887 Trinitate:
1249 2833 1283 2887 et
1306 2845 1381 2907 pro-

173 2915 280 2978 cessio
311 2911 368 2975 fiat
400 2921 478 2974 ante
509 2931 648 2974 crucem.
695 2909 752 2972 Ad
775 2909 970 2972 memoriam
1003 2909 1046 2973 de
1077 2912 1216 2975 octauis⁴
1232 2912 1265 2973 in
1289 2910 1382 2975 iestis

176 3012 376 3075 sanctorum,
393 3000 435 3062 nd
452 3018 617 3081 vesperas,
632 2995 813 3060 versiculus
828 2996 955 3059 Panem
970 2996 1009 3060 de
1023 2997 1085 3060 colo
1095 3020 1107 3061 .·
1130 2999 1172 3060 ad
1190 2999 1383 3077 matutinas,

175 3087 356 3152 versiculus
380 3085 499 3148 Posuit
517 3085 614 3166 fines.
674 3083 835 3166 Quotidie
865 3103 923 3165 per
953 3087 1102 3147 octauas⁴
1133 3096 1167 3148 et
1193 3086 1227 3148 in
1253 3096 1383 3164 octaua,

173 3177 304 3239 dicatur
319 3174 494 3255 sequentia
509 3172 704 3253 Eccepanis,
719 3170 855 3253 quando
872 3170 914 3233 de
929 3172 1056 3234 oetauis
1071 3172 1188 3253 agitur.

176 3352 275 3420 ΜΗ
306 3347 318 3420 ]
353 3304 387 3374 11
411 3297 589 3360 Dominica
601 3297 708 3378 prima
724 3304 801 3378 post
818 3293 939 3358 festum
952 3306 1067 3359 sancte
1078 3296 1261 3375 Trinitatis,
1272 3306 1381 3360 toturn

281 3365 304 3418 ³·
354 3387 396 3447 de
412 3385 539 3447 oetauis
564 3383 721 3466 Corporis
744 3382 876 3446 Christi.
923 3383 1059 3445 Nonum
1084 3384 1346 3466 Responsorium
1362 3404 1383 3447 a

177 3472 307 3535 duobus
322 3481 493 3534 cantetur:
517 3471 678 3534 memoria
693 3470 735 3532 de
751 3469 928 3545 dominica,
943 3489 1017 3531 cum
1036 3470 1136 3534 missa
1160 3472 1192 3533 in
1216 3471 1383 3554 capitulo:

177 3580 252 3622 curn
278 3560 438 3621 memoria
460 3559 503 3622 de
525 3557 699 3621 Trinitate.
757 3557 795 3619 ln
820 3555 974 3619 laudibus
996 3577 1063 3619 vna
1085 3556 1277 3640 antiphona.
1323 3558 1380 3622 Ad

175 3648 318 3730 primam
335 3646 517 3728 antiphona
538 3644 569 3707 Τ
565 3665 581 3707 o
596 3643 674 3708 iure.

219 3777 253 3847 11
278 3770 373 3833 Feria
396 3770 433 3833 ii.
457 3769 499 3832 de
522 3767 671 3845 octauis,⁴
694 3765 873 3830 versiculus
895 3778 929 3830 et
954 3768 1179 3850 Responsoria
1207 3769 1251 3832 de
1274 3770 1383 3852 primo

176 3870 362 3920 nocturno:
385 3856 544 3919 memoria
559 3858 602 3918 de
617 3865 732 3918 sancto
748 3854 892 3918 Basilio.⁷

219 3989 253 4059 11
278 3982 374 4045 Feria
389 3981 439 4045 ,iit
455 3981 498 4044 de
512 3980 657 4044 octauis:
680 3978 859 4042 versiculus
874 3989 908 4042 et
926 3979 1150 4062 Responsoria
1173 3981 1216 4044 de
1238 3983 1384 4046 secundo

178 4080 350 4144 noeturn0,
368 4079 401 4132 et
416 4068 575 4131 memoria
590 4067 633 4130 de
648 4067 794 4130 sanctis.⁸

210 4325 219 4357 ¹
237 4326 283 4377 SS.
299 4326 383 4376 Primo
394 4336 419 4376 et
432 4325 567 4376 Feliciuno.
785 4321 797 4353 ²
813 4323 839 4374 S.
854 4323 995 4374 Trinitatis.

210 4390 220 4423 ³
236 4392 367 4443 dicentur:
385 4392 427 4453 87,
439 4392 480 4441 88.
787 4387 798 4418 ⁶
814 4388 933 4454 Corporis
944 4389 1046 4440 Christi.

210 4455 221 4485 ⁵
237 4459 269 4506 de
281 4458 391 4522 utrisque
403 4457 515 4508 oetaeis:
533 4457 608 4507 Brev.
626 4466 697 4519 1531.
782 4452 794 4483 ⁶
810 4453 856 4505 SS.
873 4455 993 4515 Basilide,
1005 4456 1102 4515 Cirino,
1116 4456 1218 4506 Nabore
1228 4465 1255 4506 et
1267 4455 1383 4507 Nazario.

210 4522 220 4553 ⁷
238 4524 265 4572 S.
281 4523 383 4574 Blasio:
395 4522 435 4585 87,
449 4522 490 4572 88.
782 4518 793 4549 ⁸
810 4520 856 4571 SS.
871 4520 942 4583 Viro,
956 4521 1073 4571 Modesto
1084 4530 1109 4571 et
1121 4521 1273 4573 Crescentis.
