3326 5208
284 425 333 490 258
609 424 732 474 DIREC
734 426 759 473 T
758 424 884 475 ORIUM
913 425 956 475 SA
962 425 1117 474 CERDOT
1117 425 1179 477 ΗΜ.

326 584 360 654 11
382 578 450 640 Vbi
485 575 569 640 fiunt
602 587 669 640 tres
700 579 1044 654 commemorationes,
1067 579 1100 641 in
1124 578 1173 642 .vi.
1201 578 1281 642 seria
1317 579 1375 643 fiat
1403 600 1497 643 com-

285 665 483 729 memoratio
498 664 597 727 beate
613 664 727 741 Mane,
742 675 776 728 et
791 666 824 727 in
840 666 914 728 iiii.l
930 664 1010 728 feria
1024 668 1170 729 secunda
1186 668 1473 730 commemoratio.

328 783 362 853 11
386 777 478 840 Nota
490 776 580 859 quod
592 776 732 858 epistola
742 787 776 840 et
786 776 997 859 euangelium
1009 777 1122 841 deiiii.
1135 776 1223 853 seria,
1234 779 1267 841 in
1278 778 1498 841 hebdomada

286 866 389 928 ,xxiii
406 884 465 945 per
480 872 630 939 estatem,
655 864 822 945 pertinent
846 865 889 926 ad
906 864 968 927 iiii.
985 863 1100 927 seriam
1117 866 1149 926 in
1175 863 1390 928 hebdomada
1406 867 1498 929 ,xvii

287 972 363 1015 cum
399 951 497 1014 suerit
519 959 652 1032 tempus
685 962 896 1033 oportunum.
957 951 1013 1015 Ad
1051 972 1207 1033 vesperas
1240 953 1284 1015 de
1317 952 1499 1027 dominica,

287 1041 448 1102 memoria
463 1038 506 1101 de
522 1036 615 1114 festo,
628 1038 671 1100 de
687 1038 910 1119 martyribus,²
925 1038 967 1100 de
983 1038 1168 1101 Trinitate:
1192 1048 1226 1101 et
1242 1041 1411 1121 processio
1427 1039 1498 1102 fiat.

463 1154 497 1224 11
521 1148 698 1211 Dominica
713 1149 751 1212 .ii.
769 1148 934 1225 Octobris,
943 1148 986 1211 de
995 1149 1134 1212 semicio
1143 1148 1340 1214 dominicali.
1374 1132 1501 1214 'Medic

463 1235 620 1298 lectiones
635 1238 678 1299 de
694 1236 916 1318 martyribus.⁸

330 1352 364 1423 11
388 1347 416 1409 F
417 1348 485 1409 eria
500 1349 539 1411 .ii.
556 1348 598 1410 de
614 1347 700 1411 sesto
715 1347 787 1425 loci,
802 1358 836 1410 et
852 1348 1011 1411 memoria
1026 1348 1069 1411 de
1085 1347 1306 1431 martyribus.⁴

330 1464 364 1534 11
389 1459 485 1522 Feria
496 1460 547 1524 ‚iii
563 1460 606 1522 de
621 1470 737 1523 sancta
753 1460 868 1523 Maria

287 1198 349 1255 Oct.
367 1196 419 1269 ια]

288 1658 359 1722 sine
375 1658 593 1740 expositione.

331 1776 365 1846 11
391 1771 486 1833 Feria
516 1792 553 1834 .v.
581 1770 622 1833 de
655 1780 771 1834 sancto
804 1768 950 1845 Calixt0,
979 1770 1212 1834 lnuitatorium
1248 1772 1395 1855 duplex:
1432 1782 1504 1836 tres

288 1856 467 1921 lectiones:
492 1857 684 1939 Capitulum
704 1857 820 1922 Omnis
826 1857 983 1938 pontiser.

333 1975 367 2046 11
391 1970 487 2032 Feria
502 1970 550 2033 .vi.
567 1971 609 2033 de
626 1980 742 2032 sancto
758 1968 969 2032 Wulsran0⁵:
993 1969 1036 2033 ix.
1053 1968 1211 2032 lectiones
1234 1971 1277 2033 de
1292 1973 1472 2035 communi.

334 2088 368 2159 11
392 2081 552 2158 Sabbat0,
563 2082 606 2144 de
618 2092 734 2145 sancto
749 2081 914 2143 Michaele
927 2081 959 2143 in
975 2081 1092 2144 Monte
1103 2080 1247 2159 Tumba,
1263 2083 1502 2148 lnuitatorium

291 2170 435 2252 triplex:
458 2169 502 2232 ix.
519 2168 684 2231 lectiones.

334 2287 368 2357 11
391 2280 459 2343 Vbi
493 2278 576 2343 fiunt
607 2289 674 2344 tres
706 2280 1048 2351 commemorationes,
1076 2280 1108 2342 in
1135 2302 1171 2343 .v.
1197 2279 1278 2343 seria
1314 2279 1372 2345 fiat
1409 2304 1505 2346 com-

293 2369 497 2432 memoratio,
554 2367 611 2429 Ad
639 2388 793 2450 vesperas
820 2369 862 2430 de
887 2377 1002 2430 sancta
1029 2366 1245 2445 Etheldreda,
1273 2371 1434 2432 memoria
1457 2373 1505 2434 de

291 2455 467 2532 dominica,
482 2454 525 2516 de
541 2454 712 2531 Trinitate,
728 2464 762 2517 et
778 2454 943 2537 processio
959 2452 1024 2518 fiat.

468 2572 502 2642 11
527 2566 704 2631 Dominica
727 2566 775 2630 iii.
804 2564 970 2642 Octobris,
986 2567 1029 2628 de
1055 2575 1170 2628 sancta
1195 2566 1421 2631 Etheldreda:
1455 2569 1504 2633 ix.

294 2618 357 2673 ω’
374 2614 426 2687 ¹7’]
469 2653 647 2717 lectiones:
679 2663 788 2717 totum
815 2654 859 2715 de
891 2653 1058 2716 communi
1086 2653 1180 2715 vnius
1207 2654 1340 2736 virginis
1372 2665 1407 2717 et
1431 2676 1503 2719 non

293 2740 455 2821 martyris.
501 2741 558 2804 Ad
574 2762 729 2823 vesperas
743 2741 786 2803 de
802 2748 918 2803 sancto
938 2740 1038 2812 Luca,
1055 2740 1215 2802 memoria
1238 2740 1297 2804 fiat
1319 2742 1361 2804 de
1384 2755 1505 2807 sancta

295 2826 509 2905 Etheldreda,
543 2838 578 2892 et
610 2830 653 2891 de
686 2838 802 2892 sancto
838 2826 932 2890 Iusto
966 2826 1154 2903 solenniter,
1181 2829 1229 2889 et⁰
1252 2830 1296 2891 de
1333 2830 1505 2893 dominica

293 2915 456 2996 priuatim.

337 3027 490 3103 (IFeria
514 3028 551 3091 ii.
579 3028 621 3090 de
652 3035 769 3090 sancto
802 3026 903 3104 Luca,
932 3024 1072 3089 Inferius
1106 3025 1254 3109 duplex:
1288 3037 1323 3089 et
1357 3028 1507 3092 solennis

296 3115 455 3177 memoria
470 3115 513 3178 de
529 3116 696 3195 martyre!

338 3232 373 3304 11
396 3226 492 3289 Feria
508 3227 557 3289 iii.
573 3227 615 3289 de
630 3234 746 3288 sancta
774 3226 802 3288 F
804 3224 1004 3288 redeswida:
1027 3226 1071 3288 ix.
1088 3224 1246 3288 lectiones
1268 3226 1311 3289 de
1333 3231 1506 3292 communi

296 3315 390 3377 vnius
405 3314 539 3396 virginis
555 3324 588 3376 et
604 3332 670 3375 non
688 3314 850 3394 martyris.

339 3431 373 3501 11
397 3425 493 3487 Feria
519 3425 578 3488 iiii.
605 3425 648 3486 de
673 3423 760 3487 seria.
824 3425 869 3487 Et
901 3423 1029 3487 dicatur
1062 3425 1206 3506 primum
1243 3424 1506 3506 Responsorium

297 3511 416 3576 feriale.
463 3512 616 3594 Epistola
631 3520 665 3574 et
679 3511 888 3593 euangelium
905 3512 1052 3574 eiusdem
1069 3511 1155 3574 ferie.

337 3630 373 3700 11
397 3624 493 3686 Feria
516 3645 552 3687 .v.
575 3624 618 3686 de
641 3622 726 3686 sesto
748 3623 900 3686 vndecim
925 3623 1049 3686 milium
1074 3623 1246 3706 virginum,
1272 3623 1505 3688 Inuitatorium

298 3712 446 3795 duplex:
469 3720 535 3774 tres
552 3711 715 3774 lectiones.

341 3831 376 3901 (1'
400 3824 496 3888 Feria
511 3824 558 3887 .vi.
575 3825 616 3886 de
633 3822 718 3887 sesto
740 3822 811 3886 loci.

343 3944 377 4015 11
401 3935 560 4012 sabbato,
577 3937 619 3998 de
634 3946 750 3998 sancta
767 3935 882 4011 Maria,
898 3944 933 3998 et
949 3934 1108 3998 memoria
1130 3935 1172 3998 de
1187 3943 1304 3998 sancto
1321 3935 1486 4000 Romano.

334 4282 343 4314 ¹
361 4284 396 4334 iii.
409 4302 416 4334 ε
434 4284 476 4345 87,
488 4282 528 4334 88.
565 4284 638 4334 Feria
649 4284 674 4334 il.
688 4283 723 4334 iii.
738 4294 762 4334 et
774 4284 806 4333 vi.
820 4284 851 4334 de
863 4283 1147 4334 commemorationibus.
1183 4284 1259 4333 Brev.

334 4348 346 4380 ²
362 4350 408 4401 SS.
423 4349 546 4414 Dionysio
557 4360 582 4399 et
593 4350 674 4400 sociis.
932 4348 943 4379 ³
960 4348 1005 4398 SS.
1020 4351 1134 4398 Gereone
1146 4359 1170 4398 et
1182 4349 1262 4399 sociis.

334 4414 407 4467 ⁴88.
424 4415 553 4475 Nichasio,
572 4426 618 4465 etc.
934 4412 944 4443 ³
961 4413 1127 4464 Wullranno:
1145 4414 1186 4476 87,
1199 4415 1239 4464 88.

333 4478 345 4511 ⁶
360 4491 386 4531 et
397 4482 495 4546 primo:
514 4491 554 4543 97,
566 4493 607 4531 o1.
935 4478 946 4511 ⁷
962 4480 989 4531 S.
1005 4481 1081 4530 lusto.
