3326 5208
480 450 699 508 secunaum
718 450 747 499 c.
781 450 859 499 ma.
877 450 939 499 xa·
956 451 1004 499 aa.
1024 451 1076 499 aa.
1338 464 1387 515 207

171 648 175 655 ι
221 608 255 678 (Ι
278 602 375 666 Feria
405 624 442 667 .v.
473 603 517 666 de
546 613 664 667 sancto
695 602 874 677 Edwardo,
897 604 942 667 ix.
967 603 1133 667 lectiones.
1180 603 1236 667 Ad
1262 608 1386 689 primas

176 709 341 770 vesperas,
364 690 551 773 antiphona
564 690 632 753 Iste
645 701 783 753 sanctus.
829 689 1022 772 Capitulum
1047 690 1171 754 Beatus
1192 692 1255 769 air,
1270 694 1329 775 qai
1350 694 1385 755 in

176 776 345 856 sapientia.
392 778 655 860 Responsorium
672 778 794 840 Beatus
805 778 869 855 air,
882 777 943 858 qui
954 775 1076 861 suffert.

219 893 251 963 (Ι
276 887 436 965 Sabbat0,
448 890 492 953 de
507 898 624 952 sancto
634 889 830 967 cuthberto,
845 888 890 952 ix.
902 888 1062 952 lectiones
1078 890 1149 952 sine
1164 892 1384 974 expositione.

176 975 327 1057 Vespere
342 985 440 1039 erunt
454 977 497 1040 de
512 977 689 1051 dominica,
706 985 740 1039 et
756 976 918 1039 memoria
933 976 976 1039 de
991 985 1116 1040 sancto.

177 1094 279 1148 March
291 1089 347 1163 21.]
367 1095 402 1165 (Ι
426 1088 606 1151 Dominica
618 1088 651 1151 in
667 1089 824 1152 Passione
837 1088 985 1165 Domini,
997 1098 1070 1152 tota
1081 1088 1211 1152 dicatur
1222 1089 1368 1156 historia

197 1202 414 1326 'lllFestum
430 1201 535 1265 sancti
554 1201 726 1265 Benedicti
749 1200 921 1265 differatur
935 1221 1040 1283 usque
1062 1203 1105 1265 ad
1131 1202 1384 1268 translationem

174 1308 254 1353 crus.

217 1409 251 1479 (Ι
276 1402 373 1466 Feria
388 1402 427 1465 ii.
443 1401 494 1465 ‚iii
510 1401 573 1464 iiii.
589 1401 638 1464 .vi.
661 1411 696 1464 et
710 1399 861 1478 sabbato,
878 1401 921 1464 de
937 1400 1066 1464 ieiunio.
1114 1401 1159 1464 Et
1175 1402 1208 1464 in
1224 1403 1287 1467 iiii.
1304 1403 1384 1468 seria

174 1491 305 1553 dicatur
319 1497 478 1552 octauum
496 1488 758 1571 Responsorium
775 1487 920 1565 historie,
935 1508 1011 1551 cum
1028 1488 1160 1551 duobus
1175 1488 1351 1555 ferialibus.

217 1609 251 1679 (Ι
275 1602 371 1666 Feria
397 1623 434 1665 .v.
461 1600 506 1665 de
530 1600 803 1664 Annunciatione
827 1599 926 1664 beate
953 1600 1060 1663 Marie
1075 1651 1082 1663 .
1099 1601 1207 1665 maius
1231 1603 1383 1685 duplex.

173 1690 319 1753 solennis
335 1689 497 1752 memoria
512 1688 555 1750 de
570 1688 701 1751 ieiunio

177 1852 277 1906 March
288 1848 344 1922 23¹]
365 1800 603 1950 {lpominica
625 1799 658 1862 in
676 1799 776 1862 ramis
798 1798 998 1876 Palmarum,
1019 1800 1062 1862 de
1082 1800 1223 1864 seruicio
1240 1802 1383 1865 domini.

365 1908 406 1950 ca
419 1908 437 1951 1.

195 2000 412 2123 ,GI'Festum
437 1999 543 2063 sancti
572 1999 707 2061 Ricardi
730 1997 904 2062 differatur
929 1997 1100 2080 usquead
1128 2000 1382 2064 translationem

173 2106 251 2150 eius.

216 2205 250 2275 (Ι
274 2199 372 2262 Feria
393 2198 443 2277 ii,
458 2206 492 2262 et
514 2198 632 2261 ceteris
655 2197 743 2260 scriis
765 2217 825 2281 per
847 2197 1106 2276 hebdomadam,
1122 2197 1180 2262 fiat
1205 2200 1380 2265 seruicium

173 2288 217 2350 de
232 2286 363 2349 ieiunio.

217 2404 251 2474 (Ι
274 2398 302 2459 F
303 2400 371 2462 eria
386 2398 437 2462 iii.
454 2398 608 2462 dicantur
623 2397 779 2479 Exequie
791 2398 1012 2472 Mortuorum,
1023 2418 1098 2461 cum
1108 2398 1161 2469 ix.
1175 2396 1382 2475 lectionibus,

172 2495 207 2548 et
224 2486 325 2548 missa
341 2486 373 2547 in
390 2486 542 2548 crastino,
589 2485 757 2567 Deinceps
766 2484 962 2565 quotidiane
975 2485 1131 2568 Exequie
1142 2506 1209 2548 non
1227 2486 1382 2551 dicuntur

173 2574 206 2635 in
223 2582 390 2636 conuentu
407 2592 510 2654 usque
526 2583 602 2654 post
613 2571 821 2635 Trinitatem.

174 2734 254 2806 April
267 2733 306 2805 4]
349 2685 453 2835 gth}
462 2683 517 2834 die
535 2685 645 2762 Pasce,
660 2693 695 2747 et
710 2704 770 2767 per
784 2683 1043 2761 hebdomadam,
1054 2695 1163 2749 totum
1179 2687 1222 2750 de
1237 2687 1380 2750 solenni.

401 2793 420 2835 e
449 2792 484 2834 es
502 2793 519 2834 1.

215 2888 249 2958 (Ι
273 2884 410 2946 Festum
427 2883 532 2946 sancti
549 2882 720 2946 Ambrosii
736 2881 908 2947 differatur
921 2903 1027 2965 vsque
1042 2884 1084 2947 ad
1101 2884 1239 2948 terciam
1263 2886 1378 2948 feriam

173 2980 249 3052 post
265 2981 402 3033 octauas
420 2970 530 3034 Pasce.

215 3086 249 3156 (Ι
273 3081 441 3146 Omnibus
457 3081 631 3144 dominicis
647 3081 778 3144 diebus³
793 3101 898 3163 vsque
913 3081 956 3144 ad
971 3081 1222 3158 Ascensionem,
1237 3083 1280 3147 de
1296 3104 1378 3166 quo

173 3188 304 3249 cunque
320 3167 356 3231 fit
379 3168 565 3244 seruicium,
581 3169 729 3231 solennis
745 3169 905 3231 memoria
920 3170 963 3231 de
978 3170 1155 3242 dominica
1168 3172 1210 3234 ad
1223 3180 1379 3253 vtrasque

171 3275 328 3337 vesperas
343 3259 390 3320 et⁴
406 3256 605 3319 matutinas:
627 3256 685 3317 sed
704 3275 874 3337 nunquam
891 3256 934 3319 ad
951 3257 1096 3319 missam.

214 3373 248 3443 (Ι
272 3366 439 3431 Omnibus
455 3367 547 3430 festis
562 3388 637 3430 cum
661 3367 822 3449 regimine
842 3368 941 3441 chori,
958 3377 992 3430 et
1015 3368 1199 3445 dominicis,
1215 3389 1319 3451 vsque
1335 3370 1377 3434 ad

171 3455 414 3517 Ascensionem
440 3454 587 3530 Domini,
610 3453 669 3517 fiat
694 3455 867 3517 memoria⁵
889 3455 933 3517 de
957 3456 1216 3520 resurrectione:
1248 3456 1320 3519 Nisi
1345 3458 1377 3520 in

173 3542 377 3605 lnuencione
404 3540 528 3605 Sancte
559 3542 683 3617 CruciS,
709 3551 743 3603 et
769 3541 802 3603 in
830 3541 978 3604 sabbatis
1005 3545 1047 3606 ad
1078 3562 1241 3625 vesperas.
1299 3545 1377 3607 Non

169 3628 337 3691 dicuntur⁶
352 3627 600 3692 benedictiones
616 3627 744 3691 feriales
760 3678 766 3692 .
782 3648 887 3710 vsque
903 3637 980 3711 post
995 3627 1086 3691 Deus
1099 3631 1254 3694 uranium.

169 3791 194 3843 Α
224 3790 248 3844 ,l
345 3746 379 3816 (Ι
403 3740 582 3803 Dominica
597 3791 604 3803 .
621 3741 654 3802 in
667 3740 761 3816 albis,
772 3740 882 3822 prima
894 3751 971 3823 post
989 3741 1099 3817 Pasca,
1116 3741 1225 3804 minus
1240 3743 1378 3825 duplex,

196 3808 236 3925 8¹¹
264 3787 317 3861 ¹¹¹]
346 3837 456 3890 totum
484 3828 527 3889 de
551 3827 726 3902 dominica,
742 3838 777 3890 et
804 3829 964 3890 memoria
979 3826 1022 3891 de
1040 3829 1285 3907 resurrectione,
1300 3852 1376 3893 cum

169 3932 277 3978 missa

209 4030 243 4100 (Ι
268 4025 365 4089 Feria
380 4026 418 4090 ii.
434 4027 477 4089 dc
493 4026 594 4090 seria.l
640 4026 745 4089 Missa
760 4026 976 4090 dominicalis,

200 4247 214 4271 ⁹
232 4248 377 4296 Nummcm
388 4264 495 4296 aureum
507 4265 530 4298 v.
545 4249 586 4296 lic
594 4248 680 4307 posuit
690 4263 722 4295 cx
732 4263 824 4307 errare,
836 4258 877 4310 95.

201 4312 209 4342 ¹
226 4329 260 4363 sc.
275 4314 307 4362 xi.
323 4314 388 4363 Iulii.
880 4310 891 4341 ²
907 4328 942 4363 sc.
956 4312 1005 4361 xvi.
1021 4312 1095 4363 Iunii.

199 4378 210 4407 ³
226 4378 331 4429 diebus:
348 4396 394 4427 aar.
409 4376 451 4438 87,
464 4377 503 4428 88.
880 4376 891 4406 ⁴
907 4378 940 4427 ad
953 4379 1078 4427 inserted:
1093 4377 1134 4440 87,
1148 4377 1188 4429 88.

199 4442 210 4471 ⁵
226 4444 336 4493 solennis
347 4444 424 4507 besara
435 4443 554 4493 memoria
565 4462 572 4494 ε
589 4442 630 4503 87,
641 4440 681 4489 88.
879 4442 891 4472 ⁶
907 4443 1039 4494 dicantur:
1056 4443 1096 4494 88.

200 4508 210 4540 ⁷
228 4510 421 4574 Responsorium
435 4511 538 4573 Drjgauu
548 4525 591 4558 cs:
606 4509 663 4558 add.
677 4517 718 4569 97,
731 4521 771 4557 οι.
