3372 5224
279 454 325 501 104
603 438 879 491 DIRECTORIUM
895 438 1161 491 SACERDOTUM.

319 599 354 670 {1
376 592 475 657 Feria
501 592 551 667 .ii.,
577 593 620 656 de
642 601 759 656 sancta
782 591 943 669 'Cristina
976 612 1053 656 curn
1081 601 1253 657 nocturno.
1299 588 1418 657 Missa*
1434 593 1477 657 de

277 679 409 763 vigilial

318 806 353 875 ([
376 799 473 862 Feria
508 798 560 861 iii.
593 798 638 862 de
665 809 783 863 sancto
815 798 939 864 Iacobo
976 799 1139 882 apostolo,
1170 799 1305 864 inferius
1339 799 1475 882 duplex,

276 887 437 950 memoria
448 887 490 949 de
501 885 724 967 martyribus.2
760 886 910 970 Vespere
921 895 1018 949 erunt
1036 887 1079 950 de
1094 887 1256 970 apostolo,
1267 896 1302 951 et
1317 887 1477 951 solennis³

275 974 434 1038 memoria
448 974 491 1036 de
506 984 622 1036 sancta
638 972 750 1035 Anna.

276 1200 413 1263 vespere
442 1189 538 1244 erunt
573 1179 615 1243 de
653 1189 769 1242 sancta
798 1179 910 1256 Anna,
940 1188 975 1243 et
1005 1180 1166 1243 memoria
1195 1179 1239 1244 de
1276 1179 1351 1243 ‚viil
1389 1179 1474 1243 Dor·

274 1267 462 1333 mientibus.

315 1394 349 1465 (I
372 1386 469 1450 Feria
493 1408 540 1462 .v.,
565 1386 608 1450 de
625 1385 763 1469 Septem
780 1385 1041 1450 Dormientibus.
1088 1386 1321 1450 Inuitatorium
1337 1384 1474 1470 duplex,

273 1482 340 1538 tres
354 1473 524 1538 lectiones.

315 1594 543 1683 11Feria.vi.
569 1594 612 1656 de
638 1594 724 1657 sesto
750 1592 823 1667 loci,
847 1602 882 1657 et
912 1594 1073 1657 memoria
1100 1595 1143 1657 de
1169 1604 1288 1658 sancto
1310 1593 1473 1659 Samsone

272 1682 441 1765 episcopo,
457 1691 490 1745 et
506 1683 548 1746 de
564 1690 682 1744 sancto
699 1678 926 1744 Panthaleone
942 1690 1097 1763 martyre.

314 1809 349 1880 (Ι
372 1801 532 1877 Sabbato,
545 1802 588 1863 de
598 1809 715 1864 sancta
728 1800 844 1875 Maria,
860 1810 894 1863 et
910 1801 1071 1865 memoria
1090 1802 1133 1864 de
1150 1800 1372 1883 martyribus.⁶
1414 1802 1474 1865 Ad

272 1908 425 1973 vesperas
449 1889 571 1952 dicitur
602 1887 864 1970 Responsorium
878 1889 898 1951 τ’
928 1896 963 1951 et
987 1888 1154 1971 processio
1181 1887 1248 1952 fiat.
1291 1887 1359 1952 Vbi
1389 1885 1473 1951 fiunt

271 1987 338 2040 tres
353 1975 697 2049 commemorationes,
713 1974 748 2037 in
764 1995 801 2039 .v.
818 1974 897 2037 seria
913 1972 971 2037 fiat
985 1973 1073 2036 vna⁸

314 2102 348 2173 (Ι
372 2095 429 2159 Ab
451 2094 514 2157 hac
536 2094 591 2161 die
613 2113 717 2176 vsque
733 2095 776 2157 ad
801 2093 1026 2175 inceptionem
1055 2093 1192 2157 historie
1218 2093 1413 2157 Dominam
1438 2093 1474 2156 in

272 2183 326 2246 ira
341 2180 522 2266 accipiatur
536 2189 671 2244 sextum
687 2179 731 2257 A,
747 2201 808 2263 pro
824 2179 933 2244 littera
948 2180 1149 2244 dominicali.

347 3004 413 3078 [Ψ
431 3005 573 3061 “Sextum
591 3006 644 3073 Α,”
663 3006 755 3061 which
773 3007 889 3075 follows,
909 3006 932 3062 is
950 3024 968 3062 a
986 3024 1118 3063 common
1132 3008 1310 3078 supplement
1328 3007 1371 3061 ior
1392 3023 1476 3076 every

418 3093 473 3132 one
494 3076 526 3131 of
540 3077 587 3130 the
607 3077 661 3131 five
681 3078 833 3148 preceding
852 3078 982 3146 sections,
1001 3088 1031 3133 to
1053 3095 1132 3133 serve
1152 3078 1195 3132 sor
1216 3079 1264 3133 the
1291 3078 1347 3133 end
1365 3077 1398 3133 oi
1411 3079 1477 3148 July

419 3148 476 3203 and
488 3146 558 3202 until
571 3146 722 3219 Epiphany
734 3159 763 3203 at
775 3150 823 3204 the
835 3148 990 3219 beginning
1003 3149 1035 3203 os
1043 3150 1092 3204 the
1105 3151 1132 3203 N
1135 3166 1177 3204 ew
1188 3146 1283 3219 Year.]

313 4233 321 4265 ¹
339 4233 366 4285 S.
380 4234 473 4285 Iecobi.
930 4237 942 4270 ⁹
957 4238 1003 4292 SS.
1018 4239 1173 4291 Christoioro
1181 4250 1206 4292 et
1217 4241 1346 4293 Cucuiato.

312 4297 323 4331 ⁸
338 4300 407 4351 sola:
424 4299 464 4350 88.
927 4302 938 4335 ⁴
954 4304 1086 4357 Secundea
1101 4323 1149 4356 om.
1162 4305 1204 4369 87,
1216 4306 1256 4358 88.

312 4363 322 4392 ⁵
338 4364 380 4415 vii.
394 4384 400 4414 r
412 4382 459 4415 om.
473 4365 514 4428 87,
528 4364 567 4416 88.

311 4427 322 4458 ⁰
338 4429 384 4481 SS.
399 4429 491 4490 Felice,
504 4431 643 4497 Simplicio,
656 4432 776 4487 Faustino
787 4444 812 4484 et
824 4434 944 4487 Beatrice.

311 4494 322 4527 ⁷
339 4496 551 4561 Responsorium:
567 4514 614 4548 ont.
628 4496 669 4559 87,
682 4498 723 4553 88.
930 4500 941 4532 ⁸
957 4501 1176 4553 commemoratio:
1191 4504 1249 4553 add.
1263 4502 1303 4564 87,
1317 4501 1357 4555 88.
