3316 5220
280 377 329 441 318
607 377 883 428 DIRECTORIUM
912 378 1181 429 SACERDOTUM.

322 536 357 606 (Ι
381 531 427 594 Et
452 529 598 593 abhinc
624 550 729 612 vsque
755 530 798 593 ad
825 530 1049 611 inceptionem
1076 531 1214 594 historie
1243 533 1297 611 (In
1315 535 1508 615 principia)

279 618 464 699 accipiatur
493 626 651 699 quartum
677 616 712 694 C,
734 638 796 698 pro
819 616 930 680 littera
959 618 1161 695 dominicali,
1186 628 1221 683 et
1246 619 1422 683 inchoetur
1454 624 1504 684 ad

279 705 485 768 dominicam
502 706 536 767 in
552 703 580 767 .l.

281 839 353 892 Mar.
370 833 405 907 ι]
456 832 490 901 (Ι
514 826 695 889 Dominica
710 826 744 888 in
760 827 799 903 .l.,
815 827 871 889 ¹de
885 826 1076 890 dominica1

325 948 361 1031 [o
377 948 430 1031 .v.]
474 954 508 1023 (Ι
533 948 631 1011 Feria
647 947 687 1010 ii.
704 947 747 1009 de
761 957 880 1011 sancto
897 947 1034 1012 Cedda:
1057 948 1103 1011 ix.
1119 947 1288 1012 lectiones.

326 1076 360 1145 (Ι
384 1070 481 1133 Feria
496 1068 549 1132 .iii.
564 1069 608 1132 de
623 1078 741 1132 sancto
757 1069 891 1133 Dauid:
914 1069 961 1131 ix.
978 1068 1160 1132 lectiones.2

328 1197 362 1266 (Ι
386 1192 483 1254 Feria
498 1190 562 1253 .iiii.
579 1191 612 1253 in
629 1190 740 1272 capite
755 1189 877 1266 ieiunii,
893 1190 936 1253 de
953 1189 1041 1253 feria.

284 1398 438 1461 delestis
461 1397 562 1461 trium
586 1397 777 1474 lectionum,
792 1397 855 1460 nisi
879 1406 1011 1460 tantum
1035 1398 1196 1461 memoria
1218 1398 1262 1462 ad
1278 1419 1437 1481 vesperas
1455 1404 1509 1464 et³

286 1486 470 1548 matutinas
485 1485 585 1547 beate
602 1484 718 1549 Marie.

328 1612 362 1681 (Ι
387 1606 484 1668 Feria
514 1627 552 1668 .v.
583 1605 632 1669 .vi.
663 1614 697 1667 et
734 1604 886 1682 sabbato,
916 1604 960 1667 de
997 1604 1131 1667 ieiunio.
1195 1604 1240 1669 Et
1277 1605 1310 1669 in
1347 1608 1508 1685 sabbato,

287 1693 515 1774 Responsoria
538 1691 664 1754 ferialia
687 1692 847 1755 dicantur.
896 1691 942 1754 Et
965 1691 998 1754 in
1022 1692 1174 1769 sabbato,
1189 1691 1248 1755 fiat
1272 1696 1434 1756 memoria
1459 1695 1507 1758 de

286 1780 495 1862 virginibuS,⁴
510 1779 554 1841 ad
570 1799 725 1860 vesperas
741 1788 775 1841 et
790 1779 834 1841 ad
851 1780 1035 1841 matutinas
1051 1780 1094 1842 de
1110 1788 1228 1842 sancta
1239 1780 1355 1843 Maria

287 1913 359 1966 Mar.
373 1908 411 1981 8.]
462 1905 496 1974 (Ι
519 1899 700 1963 Dominica
715 1899 823 1981 prima
838 1899 1104 1981 quadragesime,
1118 1908 1228 1963 totum
1244 1900 1288 1963 de
1302 1901 1486 1965 dominica

308 2012 313 2023 ’
329 2028 363 2097 (Ι
388 2021 485 2083 Feria
500 2020 540 2082 ii.
556 2019 608 2082 .iii.
625 2019 689 2083 .ἰίἱὶ
706 2020 754 2083 .vi.
772 2029 806 2082 et
821 2019 974 2097 sabbat0,
989 2019 1032 2081 de
1048 2019 1179 2085 ieiunio,
1225 2020 1272 2083 Et
1287 2020 1322 2082 in
1338 2021 1403 2084 iiii
1420 2021 1507 2085 seria

286 2109 416 2171 dicatur
433 2107 695 2189 Responsorium
713 2106 834 2169 feriale.

329 2235 364 2305 (Ι
388 2228 485 2291 Feria
500 2249 538 2291 .v.
556 2228 598 2289 de
613 2237 731 2289 sancto
747 2225 918 2309 Gregorio,
937 2226 1078 2289 Inferius
1094 2227 1244 2309 duplex:
1259 2227 1306 2293 ix.
1322 2227 1508 2293 lectiones:

290 2316 486 2399 Capitulum
502 2314 583 2376 Ecce
596 2314 751 2377 sacerdos.

330 2450 364 2519 (Ι
389 2443 480 2506 Nota
503 2443 594 2524 quod
619 2443 652 2504 in
676 2443 832 2506 omnibus
856 2441 950 2505 festis
973 2442 1161 2525 duplicibus
1185 2442 1218 2506 in
1244 2443 1510 2526 quadragesima

287 2530 564 2612 contingentibus
609 2529 798 2610 pulsabitur
841 2529 884 2592 ad
930 2529 1185 2611 completorium
1239 2550 1316 2593 cum
1371 2531 1510 2595 duabus

286 2618 461 2701 campanis
477 2637 544 2679 vna
559 2617 630 2679 vice
647 2626 788 2693 tantum,
804 2617 988 2679 secundum
1004 2616 1155 2680 ordinale
1172 2616 1319 2682 Sarum.⁵

289 2752 361 2805 Mar.
379 2747 431 2820 15.]
463 2744 498 2814 (Ι
521 2737 702 2803 Dominica
719 2736 762 2802 ii.
778 2737 1044 2819 quadragesime,
1059 2746 1167 2800 totum
1184 2737 1227 2801 de
1242 2736 1424 2802 dominica.

331 2867 365 2936 (Ι
390 2861 487 2923 Feria
512 2859 552 2920 .ii.
580 2857 634 2921 .iii.
660 2867 694 2920 et
720 2879 771 2935 .v.,
799 2858 841 2920 de
869 2857 999 2920 ieiunio
1046 2858 1092 2920 Et
1117 2858 1149 2919 in
1178 2879 1217 2921 .v.
1245 2858 1325 2922 seria
1349 2858 1513 2922 dicantur

290 2946 516 3030 Responsoria
541 2945 689 3009 ferialia:
721 2955 755 3008 et
787 2945 1051 3026 Responsorium
1081 2945 1195 3023 Pater,
1215 2946 1351 3026 peccaui
1378 2956 1510 3028 preter-

290 3036 443 3098 mittatur
457 3032 522 3096 hoc
537 3052 634 3095 anno.

291 3242 487 3325 Capitulum
510 3241 635 3304 Beatus
657 3241 720 3318 vir,
736 3241 797 3322 qui
817 3241 853 3303 ia
875 3240 1047 3321 sapientia.
1094 3241 1359 3323 Responsorium
1382 3241 1512 3305 Beatus

290 3331 354 3408 vir,
368 3330 430 3412 qui
440 3326 565 3410 suffert.

308 3457 367 3552 .(Ι
391 3450 488 3513 Feria
512 3471 550 3512 .v.
574 3448 617 3511 de
638 3458 757 3511 sancto
777 3446 973 3525 Cuthberto,
998 3448 1056 3512 ix.
1079 3447 1248 3525 lectiones,
1274 3449 1346 3511 sIne
1368 3452 1511 3532 exposi-

291 3550 394 3602 trone.

335 3663 368 3733 (Ι
393 3656 553 3733 Sabbato,
570 3655 613 3717 de
629 3664 746 3718 sancto
763 3653 968 3717 Benedicto:
991 3654 1037 3719 ix.
1053 3654 1219 3719 lectiones

293 3791 366 3846 Mar.
380 3784 437 3859 aa]
469 3782 502 3852 (Ι
526 3775 705 3841 Dominica
720 3774 772 3839 iii.
788 3774 1053 3856 quadragesime,
1068 3783 1141 3838 tota
1156 3775 1286 3839 dicatur
1299 3775 1448 3841 historia.

335 3905 369 3975 (Ι
393 3896 491 3962 Feria
514 3896 554 3960 ii.
577 3895 629 3960 ‚iii
651 3916 689 3959 .v.
712 3894 762 3959 .vi.
778 3904 813 3957 et
835 3894 986 3969 sabbato,
1002 3894 1046 3957 de
1068 3894 1200 3960 ieiunio.
1246 3896 1293 3959 Et
1315 3896 1349 3957 in
1372 3919 1411 3961 .v.
1428 3897 1510 3961 seria

293 3988 423 4052 dicatur
438 3985 584 4068 primum
602 3982 867 4064 Responsorium
884 3981 1008 4058 feriale,
1019 3990 1053 4045 et
1068 3981 1133 4045 alia
1149 3983 1217 4045 duo
1233 3982 1266 4044 in
1282 3983 1433 4048 sabbato.

327 4243 379 4282 ¹-¹
398 4252 477 4295 totum
494 4246 527 4295 de
543 4242 685 4295 dominica:
703 4241 743 4305 87,
761 4241 802 4293 88.
850 4242 924 4304 (This
946 4243 997 4293 will
1014 4244 1046 4294 be
1063 4245 1251 4309 Septuagesima
1269 4244 1296 4296 in
1315 4246 1357 4296 the
1376 4263 1431 4297 rare
1451 4264 1510 4299 case

295 4310 452 4371 mentioned,
466 4326 491 4375 p.
505 4319 563 4374 317,
576 4318 635 4360 note
646 4322 679 4373 3:
697 4310 771 4359 when
783 4325 807 4357 v.
824 4309 852 4359 C.
867 4307 919 4357 will
930 4325 1002 4359 corne
1014 4310 1068 4360 into
1078 4326 1122 4360 use
1134 4320 1161 4361 at
1172 4311 1354 4376 Sexagesima)

327 4375 435 4426 ²orari0
445 4386 470 4425 et
481 4385 563 4426 cetera
573 4375 606 4426 de
617 4374 759 4425 communi:
777 4374 834 4424 add.
854 4385 896 4436 97,
907 4387 948 4425 01.
1080 4373 1156 4426 ⁸ad:
1175 4379 1231 4426 add.
1246 4375 1287 4437 87,
1300 4375 1340 4428 88.

327 4440 339 4472 ⁴
355 4442 401 4493 SS.
416 4442 539 4506 Perpetua
551 4448 576 4491 et
588 4440 725 4491 Felicitate.
949 4438 960 4470 ⁶
977 4439 1016 4491 Cs.
1033 4441 1109 4491 Crede
1119 4443 1211 4502 Mitti,
1224 4444 1238 4501 ἕ
1250 4452 1290 4506 75,
1304 4458 1328 4507 p.
1342 4442 1384 4505 48.
