3310 5206
528 457 690 508 PRIMUM
706 459 741 509 A.
759 459 816 509 xvi.
832 459 893 508 xiii.
912 474 937 507 v.
956 459 987 508 ii.
1331 472 1364 522 43

201 616 236 686 (Ι
259 610 357 674 Feria
380 611 432 674 iii.
456 611 500 673 de
526 610 613 673 festo
635 609 708 686 loci,
730 611 802 675 sine
832 611 944 693 aliqua
970 614 1138 676 memoria
1194 612 1360 677 Secunde¹

155 718 297 780 vespere
311 707 408 761 erunt
423 698 465 760 de
481 697 581 760 feria:
603 697 786 780 antiphone
801 708 835 762 et
849 699 970 781 psalmi
986 699 1122 762 feriales.
1168 699 1361 783 Capitulum

155 785 324 849 Dominus
336 795 455 847 autem.
501 784 661 866 Hymnus
675 784 776 847 Lucri
789 785 934 862 creator,²
949 787 1109 848 memorie
1124 797 1291 849 consuete.

201 902 236 973 ἦ
259 898 356 960 Feria
371 897 435 960 iiii.
450 896 493 959 de
509 896 685 970 feriatum
702 898 834 961 duobus
849 898 963 981 primis
980 898 1211 981 Responsoriis
1226 897 1363 962 historie

156 983 376 1060 dominicalis,
388 993 509 1047 etcum
526 985 633 1066 primo
650 984 876 1066 Responsorio
892 984 1005 1048 feriali.
1043 984 1210 1049 Secunde¹
1225 1005 1363 1068 vespere

157 1081 256 1134 erunt
290 1073 334 1135 de
369 1069 611 1134 consessoribus
648 1070 813 1134 Medardo
847 1082 881 1134 et
915 1070 1076 1136 Gildardo
1091 1123 1098 1135 .
1114 1072 1297 1155 antiphone
1328 1082 1362 1135 et

159 1157 280 1240 psalmi
296 1157 434 1222 feriales.
471 1156 665 1241 Capitulum
681 1157 801 1220 Plures
813 1157 933 1221 sanctu
943 1184 956 1222 .·
979 1161 1137 1223 memorie
1151 1169 1319 1223 consuete.

203 1275 238 1345 (Ι
262 1270 358 1333 Feria
383 1291 422 1333 .v.
446 1269 488 1332 de
514 1269 601 1333 sesto
630 1280 821 1333 sanctorum
854 1270 1007 1334 Medardi
1038 1282 1072 1334 et
1098 1270 1249 1334 Gildardi
1275 1272 1360 1352 epis-

158 1377 320 1439 coporum
347 1366 382 1420 et
407 1356 641 1421 consessorum.
691 1357 924 1420 Inuitatorium
948 1358 1093 1440 simplex
1109 1407 1117 1421 .
1133 1359 1166 1420 iii
1194 1357 1360 1421 lectiones

161 1442 352 1507 versiculus⁴
375 1443 535 1506 Exultent
562 1445 645 1506 ricsti
670 1454 705 1507 et
732 1444 958 1526 Responsoria
987 1446 1030 1508 de
1060 1446 1169 1528 primo
1199 1456 1361 1508 nocturno

159 1531 377 1614 plurimorum
393 1529 628 1594 confessorum.

202 1649 237 1719 (Ι
260 1643 357 1706 Feria
385 1644 437 1707 ‚vi
465 1643 509 1705 de
538 1651 655 1705 sancto
693 1642 876 1705 Edmundo
912 1643 1071 1725 episcopo
1101 1655 1136 1707 et
1165 1643 1362 1721 consessore,

162 1731 198 1792 ix
214 1729 381 1792 lectiones.
430 1729 663 1792 Inuitatorium
680 1728 812 1811 triplex.
857 1729 915 1791 Ad
940 1729 1064 1812 primas
1086 1751 1252 1812 vesperas
1268 1732 1361 1795 etad

161 1818 353 1894 matutinas,
367 1815 426 1879 fiat
443 1816 603 1879 memoria
617 1817 660 1879 de
676 1814 876 1898 martyribus
902 1817 1014 1880 Primo
1029 1827 1063 1880 et
1080 1818 1258 1881 Feliciano.
1304 1818 1361 1881 Ad

162 1905 354 1980 matutinas,
368 1912 435 1966 tres
451 1904 566 1985 prime,
582 1911 617 1965 et
631 1912 697 1965 tres
717 1901 834 1966 vltime
849 1903 1007 1967 lectiones
1023 1905 1066 1967 de
1080 1906 1249 1968 communi
1266 1906 1362 1969 vnius

160 1989 359 2055 confessoris
389 1999 424 2052 et
453 1989 630 2072 pontificis
659 2002 726 2053 tres
757 1991 866 2053 medie
897 1990 1055 2054 lectiones
1081 1992 1125 2054 de
1151 1991 1362 2075 martyribus,

158 2098 237 2141 cum
266 2077 441 2140 versiculo³
470 2076 636 2140 Iustorum
672 2077 809 2140 anime.
833 2087 867 2140 et
896 2079 1112 2159 responsoriis
1143 2082 1185 2143 de
1214 2080 1362 2143 secundo

161 2175 326 2227 nocturno
337 2164 553 2247 plurimorum
567 2164 927 2246 martyrum.⁶sextum
945 2166 1208 2246 Responsorium
1228 2166 1362 2231 Ouene-

159 2252 278 2315 randa.
322 2250 489 2315 Secunde⁷
506 2271 644 2335 vespere
659 2261 755 2314 erunt
770 2250 813 2313 de
828 2261 944 2315 sancta
961 2252 1078 2329 Maria,
1093 2263 1127 2317 et
1144 2254 1305 2316 memoria
1320 2254 1363 2316 de

160 2348 279 2402 sancto
295 2338 487 2402 Edmundo.

203 2463 239 2534 (Ι
261 2456 423 2531 Sabbato,
452 2456 495 2519 de
524 2466 641 2520 sancta
671 2456 787 2520 Maria.
847 2458 904 2521 Ad
935 2479 1098 2542 vesperas,
1130 2460 1291 2523 memoria
1321 2460 1363 2523 de

159 2545 338 2619 dominica,
364 2554 398 2606 et
422 2544 465 2606 de
489 2542 662 2619 Trinitate,
688 2553 721 2607 et
747 2546 914 2626 processio
937 2545 996 2609 fiat
1018 2556 1098 2610 ante
1120 2566 1270 2610 crucem:
1294 2546 1362 2610 Vbi

159 2630 246 2695 fiunt
261 2639 330 2694 tres
344 2632 686 2706 commemorationes,
703 2632 736 2693 in
753 2631 816 2693 iiii.
832 2631 913 2695 seria
929 2632 986 2696 fiat
1001 2634 1055 2696 .ii.⁸
1070 2634 1362 2697 commemoratio.
1443 2642 1446 2645 '

158 2728 194 2782 et
209 2729 291 2782 tunc
306 2718 420 2781 omnia
435 2718 661 2800 Responsoria
675 2717 801 2781 ferialia
816 2721 1102 2800 pretermittantur
1117 2722 1182 2783 isto
1197 2741 1295 2784 anno,

338 2844 372 2914 (l
406 2838 586 2902 Dominica
624 2836 665 2901 ii.
700 2837 837 2901 historie
870 2839 961 2902 Deus
989 2841 1145 2917 omnium,
1174 2840 1217 2903 de
1246 2850 1363 2904 sancto

160 2891 235 2959 June
250 2885 304 2958 η]
340 2924 494 2988 Barnaba
509 2924 671 3006 apostolo.
720 2925 953 2989 Inuitatorium
977 2927 1110 3008 triplex,
1134 2929 1177 2990 ix.
1194 2927 1362 3006 lectiones,

160 3012 235 3075 sine
271 3013 492 3094 expositione.
558 3010 750 3094 Capitulum
788 3011 864 3074 Iam
902 3034 964 3075 non
1000 3014 1085 3089 estis,
1123 3016 1284 3077 memoria
1320 3015 1363 3077 de

161 3098 331 3162 dominica
346 3110 381 3163 et
396 3099 437 3162 de
453 3099 626 3175 Trinitate,
641 3100 688 3161 8et
713 3101 880 3180 processio
896 3109 974 3162 ante
989 3120 1129 3175 crucem,
1154 3102 1211 3164 Ad
1239 3102 1363 3184 primas

160 3206 340 3268 vesperas;
365 3187 408 3249 ad
436 3186 570 3248 missam
595 3184 737 3268 prefatio
760 3186 803 3248 de
818 3186 987 3268 apostolis.
1034 3186 1200 3252 Secundel
1226 3208 1365 3270 vespere

162 3282 260 3422 {runt
281 3272 337 3372 'de
370 3273 533 3355 apostolo,
565 3282 598 3335 et
622 3273 784 3335 memoria
818 3272 862 3335 de
898 3274 1124 3355 martyribus¹⁰
1139 3324 1146 3338 .
1162 3275 1284 3338 deinde
1319 3274 1361 3338 de

186 3379 339 3423 omrnrca

205 3477 239 3548 11
263 3471 359 3534 Feria
373 3471 414 3536 ii.
429 3471 472 3534 de
487 3470 714 3553 martyribus¹⁰
729 3472 962 3535 Inuitatorium
979 3473 1106 3554 duplex
1117 3523 1124 3536 .
1135 3473 1178 3536 iii.
1193 3472 1362 3552 lectiones,

163 3558 356 3642 Capitulum
372 3557 499 3620 Reddet
510 3557 610 3634 Deus,
627 3560 786 3622 memorie
808 3569 975 3623 consuete.
1030 3560 1208 3625 Secunde¹¹
1225 3580 1361 3642 vespere

163 3657 260 3709 erunt
276 3646 320 3708 de
335 3644 420 3709 sesto
435 3644 507 3707 loci.

206 3772 240 3843 ᾖ
263 3766 360 3828 Feria
374 3765 426 3828 iii.
442 3765 485 3828 de
499 3764 586 3828 sesto
601 3763 673 3829 loci.
719 3764 898 3830 Secunde¹l
918 3785 1055 3847 vespere
1071 3776 1168 3830 erunt
1181 3768 1224 3830 de
1247 3779 1365 3832 sancto

163 3853 286 3916 Basilio
301 3852 497 3929 consessore,
512 3852 695 3934 antiphone
709 3862 745 3917 et
760 3853 879 3935 psalmi
893 3851 1029 3915 feriales.
1075 3853 1267 3936 Capitulum
1283 3854 1364 3918 Ecce

161 3939 330 4003 sacerdos:
352 3940 510 4002 memorie
525 3949 691 4002 consuete.

193 4130 354 4228 :Secundo
346 4148 417 4181 ..oni
431 4130 472 4192 87,
485 4129 524 4180 88.
764 4128 889 4196 ⁸Hyrun
903 4132 979 4181 Lucis
988 4139 1091 4192 ercam
1104 4133 1180 4182 Breu.
1193 4134 1251 4182 Sar.
1266 4132 1291 4183 it
1308 4144 1362 4199 195.

194 4194 669 4323 ⁴82pblt’gixpispcpzffosnepmuar37i'i
674 4208 767 4321 04ιῖ108
786 4261 830 4321 (al.
850 4262 997 4321 Exultent.)
1036 4262 1190 4323 Latmum,
1207 4263 1284 4313 Brev.
1302 4265 1360 4313 Sar.

160 4326 259 4430 lig-92.
293 4328 439 4454 (Εῶιάίὃιέέ,
451 4324 686 4451 {8292an
699 4391 775 4441 Bm
789 4391 877 4441 sar„
861 4408 886 4442 u
919 4325 1039 4442 ⁰2⁸Vers.
1053 4328 1197 4377 Exultent:
1212 4340 1254 4391 97,
1266 4341 1308 4389 01,
1320 4328 1361 4379 08.

192 4402 369 4519 ⁸i.·⁸:o8n7,⁷88.
902 4407 1050 4507 49-90171
1064 4457 1105 4519 87,
1119 4456 1158 4508 88.

193 4520 215 4554 ¹⁰
231 4522 277 4574 SS.
292 4521 411 4582 Basilide,
423 4520 519 4582 Cirino,
533 4521 635 4572 Nabore
646 4529 671 4571 et
683 4521 800 4571 Nazario
936 4520 955 4552 ¹¹
973 4521 1107 4574 Secunder
1123 4540 1171 4574 om.
1184 4521 1226 4585 87,
1239 4522 1279 4575 88.
