3316 5220
679 468 846 519 serron!
863 469 899 519 n.
1343 477 1392 529 333

184 708 196 772 l
227 622 382 722 (lFeria
410 622 463 686 iii.
492 622 537 686 de
566 632 683 684 sancta
713 621 819 685 Fide:
854 619 1088 685 lnuitatorium
1119 619 1286 702 simplex:
1312 627 1391 682 'tres

198 720 351 772 ectrones.

184 911 195 975 1
226 827 381 926 QFena
410 826 474 889 iiii.
504 826 548 890 de
585 826 808 908 martyribus,¹
869 826 1103 890 Inuitatorium
1139 824 1287 908 duplex:
1324 832 1391 888 tres

197 924 354 979 ectrones.

226 1040 260 1109 (l
283 1035 380 1098 Feria
395 1056 433 1099 .v.
449 1034 492 1098 de
508 1033 596 1098 serie
643 1033 748 1097 Missa
763 1042 882 1116 quarte
897 1033 985 1097 serie

225 1157 259 1226 (l
283 1152 380 1214 Feria
402 1152 452 1215 .vi.
474 1151 518 1215 de
540 1160 658 1215 sancto
685 1151 870 1234 Dyonisio:
900 1151 955 1214 ix.
978 1150 1146 1215 lectiones.
1193 1131 1389 1232 Capitulum

184 1237 351 1301 Iustomm
366 1239 484 1302 anime.

226 1365 260 1434 (l
283 1359 443 1436 sabbato,
458 1359 500 1422 de
517 1368 633 1422 sancta
650 1358 767 1435 Maria,
781 1367 815 1422 et
833 1358 995 1423 memoria
1009 1357 1054 1421 de
1070 1356 1294 1440 martyribus.2

225 1486 260 1555 ἦ
281 1479 348 1544 Vbi
386 1480 471 1545 fiunt
506 1492 574 1545 tres
611 1480 955 1553 commemorationes,
988 1480 1021 1541 in
1052 1501 1091 1543 .v.
1122 1478 1202 1542 seria
1232 1477 1290 1542 fiat
1324 1493 1390 1539 vna

182 1570 465 1631 commemoratio.
525 1568 582 1631 Ad
613 1588 769 1650 vesperas
807 1568 968 1630 memoria
1000 1568 1043 1630 de
1074 1564 1308 1647 martyribus³z
1346 1563 1389 1625 de

184 1653 371 1718 Trinitate:
394 1665 429 1719 et
444 1655 612 1737 processio
627 1654 695 1718 fiat.

183 1824 246 1879 Oct·
263 1824 315 1896 IL]
358 1782 392 1851 {l
414 1775 655 1877 ⁴Dominicnii.
668 1775 711 1837 de
721 1774 861 1875 seruicio
870 1773 1071 1874 dominicali.
1106 1773 1220 1836 Medic
1231 1771 1390 1837 lectiones

358 1864 402 1926 de
416 1864 563 1926 sanctls.⁸
609 1863 648 1925 ln
664 1861 818 1925 laudibus
834 1881 899 1924 vna
915 1860 1107 1944 antiphona

225 1988 259 2057 {l
282 1982 379 2046 Feria
394 1984 433 2047 .ii.
450 1985 493 2047 de
509 1983 595 2047 sesto
610 1981 683 2047 loci.

225 2109 259 2179 Q
282 2104 379 2166 Feria
415 2104 466 2167 iii.
503 2104 547 2167 de
583 2114 699 2167 sancto
737 2102 928 2178 Edwardo‚⁶
959 2101 1100 2165 Inferius
1137 2100 1297 2185 duplexf:
1335 2103 1389 2167 ix.

183 2188 393 2273 [lectiones].⁷

225 2308 259 2377 {l
283 2302 381 2366 Feria
395 2304 458 2367 iiii
475 2304 517 2366 de
532 2312 649 2366 sancta
665 2303 781 2366 Maria

224 2429 258 2498 (l
282 2423 379 2487 feria
392 2446 430 2488 .v.
447 2424 490 2488 de
505 2435 622 2487 sancto
636 2422 866 2486 Wulsranno⁸z
889 2423 942 2486 ix.
959 2420 1126 2485 lectiones.

223 2549 258 2619 ί
281 2545 378 2606 Feria
407 2545 457 2608 .vi.
487 2545 530 2608 de
559 2555 676 2607 sancto
707 2543 872 2607 Michaele
902 2542 1125 2626 archangelo?
1153 2542 1387 2606 Inuitatorium

181 2632 316 2711 triplex,
333 2634 392 2695 et¹⁰
407 2652 529 2695 nouem
545 2631 712 2694 lectiones.

223 2757 258 2827 ΙΞ
280 2751 441 2829 sabbato,
456 2752 499 2816 de
518 2762 633 2815 sancta
656 2750 883 2816 Etheldreda:
906 2770 1028 2814 nouem
1052 2749 1211 2813 lectiones
1233 2750 1276 2813 de
1297 2769 1387 2813 com-

181 2838 273 2900 muni
295 2839 393 2901 vnius
416 2840 551 2922 virginis
574 2850 609 2903 et
635 2859 702 2903 non
728 2839 890 2920 martyris.
936 2838 993 2900 Ad
1017 2856 1181 2919 vesperas,
1200 2837 1243 2899 de
1269 2848 1387 2901 sancto

185 2922 278 2988 Luca
314 2926 569 3009 euangelista¹¹:
606 2929 666 2989 et¹²
689 2927 848 2989 memorie
871 2925 913 2988 de
936 2933 1054 2987 sancto
1094 2924 1209 2986 lusto:
1247 2925 1307 2986 et¹⁸
1344 2924 1386 2986 de

182 3012 368 3076 dominica:
391 3024 426 3077 et
441 3014 484 3077 de
499 3013 666 3078 Trinitate
681 3013 744 3077 sub
758 3013 890 3076 silentio
906 3011 1007 3075 fiant:
1030 3011 1102 3073 sine
1118 3011 1335 3092 processione.

178 3144 242 3198 Oen
258 3141 310 3213 18.]
353 3139 387 3208 (l
410 3134 588 3197 Dominica
602 3134 665 3210 .iii.,
679 3144 788 3197 totum
804 3134 847 3197 de
861 3141 979 3195 sancto
990 3131 1090 3194 Luca,

212 3346 221 3377 ¹
239 3349 284 3399 SS.
301 3351 397 3407 Marco,
411 3350 532 3399 Marcello
542 3358 567 3398 et
578 3348 696 3413 Apuleio.
860 3344 872 3376 ⁹
889 3347 934 3397 SS.
949 3346 1073 3405 Gereone‚
1086 3354 1133 3395 etc.

212 3412 224 3443 ²
239 3416 285 3465 SS.
300 3415 411 3473 Nimio,
424 3424 471 3464 etc.

241 3493 264 3541 q
281 3480 415 3529 Dominica
427 3481 451 3544 ij.
466 3480 498 3529 de
509 3479 614 3529 seruicio
624 3478 779 3528 dominicali.
794 3488 819 3527 et
830 3476 912 3527 medie
923 3476 1047 3527 lecciones
1057 3475 1090 3525 de
1102 3474 1252 3525 martiribus.

213 3545 235 3592 F
235 3545 287 3594 etia
298 3546 323 3609 ij.
338 3556 362 3594 et
373 3546 486 3594 sabbato.
500 3544 532 3594 de
544 3543 807 3594 comemoracionibus

213 3610 240 3659 Si
260 3611 349 3660 luerint
367 3611 402 3674 iij.
421 3610 656 3669 comemoraciones,
674 3609 700 3658 in
716 3609 761 3673 iiij.
774 3608 837 3658 feria
854 3607 898 3657 fiat
914 3623 964 3656 vnn
974 3605 1165 3656 onmemoracio.
1179 3614 1204 3654 et
1216 3603 1337 3654 memoria
1353 3604 1386 3653 de

178 3686 267 3725 sancto
282 3676 389 3725 calixto.
426 3686 465 3736 77.

212 3739 223 3769 ⁵
240 3741 266 3791 S.
281 3741 410 3799 Nichnsio‚
423 3751 470 3790 etc.

211 3802 223 3834 ⁶
238 3806 280 3856 Ad
291 3806 413 3855 secundas
424 3821 540 3870 vesperas
550 3821 610 3855 vero
620 3805 664 3854 fiat
674 3804 795 3854 memoria
806 3802 921 3868 priuatim
938 3803 971 3852 de
985 3812 1081 3852 sancto.
1115 3802 1148 3850 Et
1166 3799 1257 3850 deinde
1276 3799 1387 3850 solennis

179 3872 299 3920 memoria
309 3871 341 3921 de
352 3882 439 3920 sancta
451 3872 534 3920 Maria
543 3886 600 3920 cum
611 3870 750 3935 antiphona
760 3869 808 3919 sub
818 3880 902 3918 tunm:
920 3869 977 3916 odd.
991 3879 1032 3928 97,
1044 3880 1085 3916 01.
1120 3865 1258 3927 (Edwardo
1274 3867 1353 3930 rege.)

212 3935 266 3972 ⁷-⁷
281 3953 347 3986 vnn:
365 3936 406 3997 87,
419 3936 459 3985 88.
850 3932 861 3964 ⁸
878 3934 1026 3983 wulstano:
1043 3932 1085 3993 87,
1098 3930 1138 3981 88.

211 3999 223 4031 ⁰
237 4002 403 4066 archangelo:
420 4019 467 4050 om.
486 4000 528 4063 87,
546 4000 587 4051 88.
622 4001 665 4062 (ln
677 4001 766 4050 Monte
776 3999 897 4058 Tumbn)

212 4065 233 4096 ¹⁰
249 4078 289 4116 et:
307 4084 353 4116 om.
368 4065 409 4128 87,
423 4067 463 4126 88,
474 4079 515 4128 97,
527 4080 568 4115 01.
848 4063 867 4094 ¹¹
884 4063 1054 4128 euangelista:
1071 4078 1119 4111 orn.
1133 4060 1175 4122 87,
1188 4059 1228 4111 88.

212 4130 232 4161 ¹²
248 4143 290 4182 et:
307 4149 355 4182 om.
368 4132 410 4193 87,
423 4132 463 4181 88.

213 4197 233 4227 ¹³
249 4211 272 4259 q
289 4198 422 4247 Dominica
440 4197 474 4260 iij.
499 4198 532 4247 de
553 4207 640 4246 sancto
658 4197 727 4246 Luca
746 4206 771 4245 et
787 4194 907 4245 memoria
928 4194 975 4242 sub
991 4193 1094 4243 silencio
1110 4192 1142 4242 de
1159 4201 1246 4241 sancto
1265 4191 1334 4240 lusto
1349 4190 1383 4240 de

177 4263 306 4314 dominica
318 4263 384 4312 etde
397 4263 528 4312 Trinitate.

213 4331 234 4377 F
234 4329 285 4378 erin
296 4328 331 4392 iij.
345 4338 370 4377 et
381 4329 487 4378 sabbato
497 4328 529 4377 de
539 4326 801 4376 comemoracionibus.

213 4395 285 4444 Feria
296 4410 319 4441 r.
333 4394 430 4443 dicatur
441 4394 548 4458 primum
560 4392 741 4456 responsorium
753 4391 844 4440 feriale.

212 4460 239 4510 Si
250 4459 341 4508 fuerint
349 4459 384 4523 iij.
395 4458 621 4508 comemoraciones
629 4458 654 4507 in
663 4475 686 4507 v.
698 4458 759 4507 seria
767 4473 816 4505 vna
826 4454 1015 4505 comemoracio.
1030 4464 1055 4504 et
1067 4464 1125 4503 tunc
1136 4451 1163 4502 in
1175 4452 1200 4517 ij.
1215 4452 1276 4503 feria
1286 4452 1385 4504 dicatur

177 4526 285 4590 primum
298 4525 480 4588 responsorium
491 4524 584 4574 feriale.
622 4535 660 4585 77.
