3316 5220
549 463 769 513 SECUNDUM
779 464 815 512 D.
850 465 910 513 xiii.
924 481 951 513 x.
972 480 995 514 v.
1010 466 1040 514 ii.
1354 463 1403 528 283

232 619 266 688 (Ι
291 614 388 676 Feria
416 614 479 678 ‚iiii
507 614 549 678 de
576 617 725 679 octauis:
759 616 952 699 antiphone,
968 617 1099 700 psalmi,
1114 627 1148 681 et
1165 619 1400 702 Responsoria,

190 702 274 763 sicut
290 702 323 763 in
340 702 389 764 .vi.
406 700 494 764 seria

231 818 265 887 (Ι
290 813 387 875 Feria
401 834 438 877 .v.
462 813 505 876 de
527 816 668 891 octaua,¹
694 814 928 878 Inuitatorium
953 817 1084 899 triplex.
1129 800 1281 900 Vespere
1304 829 1401 882 erunt

188 899 231 963 de
246 911 376 976 octaua,
392 910 426 963 et
441 901 602 963 memoria
615 902 659 963 de
674 914 791 965 sancta
808 902 923 966 Maria
969 904 1168 986 Antiphona
1185 905 1255 968 Sub
1270 916 1371 969 tuam.

231 1017 265 1086 (Ι
290 1012 386 1074 Feria
400 1012 449 1075 .vi.
465 1012 508 1075 de
524 1021 640 1075 sancta
658 1013 774 1089 Maria,
789 1015 861 1076 sine
876 1015 989 1097 aliqua
1005 1017 1174 1080 memoria.

231 1129 265 1198 (Ι
288 1122 325 1205 [n
340 1123 382 1205 .i.]
437 1122 598 1198 Sabbato,
628 1126 672 1188 de
713 1126 825 1206 vigilia
861 1126 1121 1191 Penthecostes:
1160 1129 1322 1192 memoria
1359 1131 1403 1193 de

189 1222 305 1272 sancta
323 1210 440 1286 Maria,
455 1222 489 1272 et
505 1213 547 1273 de
564 1211 733 1276 Omnibus
750 1211 883 1277 Sanctis
899 1223 1040 1277 tantum.

365 1327 400 1397 (Ι
423 1323 489 1386 Die
518 1323 765 1401 Penthecostes,
792 1335 826 1388 et
853 1345 912 1407 per
939 1324 1198 1403 hebdomadam,
1224 1337 1333 1391 totum
1358 1328 1402 1391 de

366 1410 566 1472 solennitate
582 1410 666 1474 sesti.
722 1412 826 1475 Nihil²
841 1415 884 1474 de
900 1422 1017 1475 sancto
1030 1413 1211 1477 Dunstano
1223 1415 1287 1478 isto
1303 1435 1400 1478 anno.

231 1524 266 1594 (Ι
288 1516 381 1583 ⁸Vna
405 1521 477 1584 sola
503 1522 672 1586 dominica
698 1522 871 1586 differatur
894 1544 954 1606 per
977 1534 1129 1599 estatem,
1160 1525 1285 1589 scilicet
1316 1525 1401 1589 inira

188 1618 326 1669 octauas
350 1607 602 1692 Assumptionis
626 1609 725 1672 beate
751 1610 879 1674 lltlarie.³
939 1610 1040 1673 Nulla
1071 1611 1130 1674 fiat
1157 1614 1318 1675 memoria
1343 1634 1402 1695 per

188 1692 437 1843 lsspppeoffidpm
461 1696 505 1758 de
528 1695 654 1778 Spiritu
681 1695 808 1760 Sancto
834 1698 878 1760 ad
905 1718 1061 1780 vesperas
1088 1709 1122 1762 et
1149 1699 1192 1761 ad
1216 1701 1400 1764 matutinas

190 1370 249 1425 Mal
266 1369 319 1442 17.]

365 1894 610 1968 [Dominica
634 1894 707 1957 dies
745 1894 870 1958 Sancte
900 1895 1085 1970 Trinitatis,
1116 1897 1160 1960 de
1190 1896 1285 1962 sesto.
1342 1899 1400 1962 Ad

365 1981 529 2043 secundas
544 2002 709 2063 vesperas,
724 1982 787 2045 sub
802 1983 935 2045 silentio
951 1981 1010 2046 fiat
1034 1985 1195 2047 memoria
1217 1984 1261 2047 de
1283 1996 1400 2049 sancto

189 2063 358 2141 Aldelmo,
373 2077 408 2129 et
423 2070 467 2130 de
482 2080 600 2131 sancto
616 2068 762 2133 Vrbano

229 2181 264 2251 (Ι
288 2178 385 2241 Feria
421 2180 460 2243 ,ii
506 2179 550 2242 de
593 2191 711 2244 sancto
749 2182 931 2245 Aldelmo:
978 2183 1022 2245 ix.
1062 2182 1240 2247 lectiones:
1287 2184 1400 2247 Medie

187 2262 347 2327 lectiones
355 2268 399 2329 de
408 2277 526 2330 sancto
536 2267 685 2345 Vrbano,
700 2277 734 2330 et
751 2270 913 2332 memoria
922 2269 966 2331 de
975 2271 1124 2334 octauis.⁴
1170 2271 1227 2334 Ad
1243 2291 1399 2352 vesperas

191 1941 250 1995 Mai
263 1940 320 2013 24]

185 2352 292 2413 sancti
310 2351 502 2434 Augustini,
516 2354 662 2417 solennis
686 2356 846 2418 memoria
869 2355 912 2418 de
934 2368 1052 2419 sancto
1076 2357 1244 2433 Aldelmo,
1261 2360 1333 2421 sed⁵
1356 2361 1399 2421 de

185 2440 326 2501 octauis⁴
342 2440 405 2502 sub
420 2441 560 2505 silentio.

228 2555 262 2624 (Ι
288 2551 385 2613 Feria
400 2554 460 2629 iii,
476 2553 520 2616 de
542 2563 659 2616 sancto
683 2553 885 2636 Augustino
903 2554 1044 2618 lnierius
1067 2557 1215 2638 duplex:
1238 2557 1399 2619 memoria

185 2638 248 2699 sub
263 2638 397 2786 sileptio
413 2642 457 2702 de
471 2642 620 2704 octauis.⁴
666 2641 724 2704 Ad
745 2644 910 2704 secundas
929 2662 1095 2724 vesperas,
1111 2643 1310 2726 antiphona⁶
1327 2644 1398 2707 Sub

185 2733 277 2786 tuam
293 2745 332 2788 so
346 2727 482 2790 enniter.

228 2842 262 2911 (Ι
287 2837 384 2900 Feria
398 2839 462 2902 iiii.
478 2839 521 2901 de
535 2849 653 2902 sancta
670 2839 785 2903 Maria

229 2955 263 3024 (Ι
287 2950 437 3013 Feriam
453 2950 576 3014 festum
593 2950 751 3033 Corporis
766 2951 912 3016 Christi:
937 2953 1044 3016 maius
1056 2953 1192 3035 duplex.
1240 2953 1398 3017 Nihil²de

186 3049 304 3099 sancto
320 3035 502 3100 'Germano
548 3039 605 3102 Ad
629 3042 793 3102 secundas
815 3060 980 3122 vesperas,
1003 3041 1188 3123 antiphona
1206 3040 1397 3122 Sapientto:

187 3123 318 3204 psalmi,
328 3124 483 3205 hymnus,
493 3134 527 3187 et
539 3125 727 3199 versiculus
743 3127 828 3189 sicut
845 3127 877 3188 in
894 3128 1010 3208 primis
1025 3129 1179 3210 vesperis.
1219 3128 1265 3191 Et
1280 3129 1328 3191 sic
1338 3149 1398 3211 per

186 3220 276 3273 totas
292 3213 452 3287 octauasf
467 3213 604 3293 quando
619 3212 663 3275 de
678 3214 806 3276 octauis
822 3212 860 3276 fit
876 3215 1061 3278 seruicium.

229 3327 264 3397 (Ι
287 3322 447 3404 Quotidie
462 3344 522 3405 per
536 3325 694 3401 octauas,⁷
709 3335 744 3387 et
760 3326 793 3387 in
814 3336 945 3402 octaua,
960 3327 1091 3388 dicatur
1114 3325 1296 3409 Sequentia
1319 3326 1398 3389 Ecce

180 3410 281 3491 pant's
295 3411 492 3491 angelorum.

228 3528 262 3597 (Ι
288 3523 384 3585 Feria
399 3523 448 3586 .vi.
465 3527 508 3586 de
522 3523 682 3585 octauis²2
706 3532 772 3585 tres
788 3523 966 3587 lectiones:
990 3534 1023 3587 et
1040 3526 1200 3588 memoria
1211 3526 1255 3588 de
1270 3525 1397 3588 octauis

186 3610 369 3673 Trinitatis.

229 3728 262 3797 Q
287 3720 447 3797 sabbato,
464 3724 507 3784 de
522 3722 669 3784 octauis:
693 3730 759 3784 tres
775 3721 953 3786 lectiones:
977 3732 1011 3785 et
1027 3724 1188 3785 memoria
1203 3723 1247 3786 de
1269 3724 1397 3787 octauis

186 3809 369 3872 Trinitatis
431 3809 487 3871 Ad
519 3829 683 3892 vesperas,
714 3811 875 3872 memoria
906 3812 949 3873 de
979 3820 1095 3872 sancta
1138 3810 1327 3887 Petronilla,
1364 3820 1398 3874 et

188 3896 349 3958 memoria
393 3897 437 3957 de
481 3895 658 3972 dominica,
703 3917 778 3959 curn
824 3896 1010 3978 antiphona
1054 3898 1198 3978 Loquere
1233 3897 1398 3961 Domine:

188 3984 349 4045 memoria
364 3981 408 4045 de
423 3983 598 4060 Trinitate,
612 3993 647 4046 et
662 3982 721 4046 fiat
736 3985 903 4065 processio
919 3985 962 4046 ad
978 4004 1116 4047 crucem.

229 4100 264 4170 (Ι
286 4094 416 4157 Tamen
453 4095 505 4158 hic
540 4104 651 4177 potest
685 4096 770 4157 bene
793 4115 859 4157 vna
890 4097 1059 4158 dominica
1092 4094 1226 4172 differri,
1249 4096 1311 4159 nisi
1342 4097 1397 4159 vbi

187 4182 355 4245 dedicatio
370 4182 508 4245 ecclesie
524 4182 556 4244 in
574 4182 742 4244 dominica
757 4183 941 4265 contigerit

220 4387 229 4419 ¹
246 4390 415 4440 Ascensionis
842 4389 854 4420 ²
869 4400 894 4441 et
905 4391 984 4440 nihil:
1002 4390 1043 4452 87,
1056 4391 1097 4441 88.

220 4453 274 4492 ³-³
288 4473 336 4505 om.
350 4469 391 4518 97,
404 4469 444 4505 01.
845 4455 855 4486 ⁴
871 4456 1009 4506 Trinitatis.

220 4519 231 4549 ⁸
247 4522 291 4571 sed
303 4523 401 4587 primo:
419 4534 461 4583 97,
473 4534 514 4570 01.
647 4518 659 4551 ⁶
675 4520 830 4586 antiphona:
847 4538 895 4572 om.
909 4521 950 4583 87,
963 4521 1003 4570 88.
1137 4521 1148 4552 ⁷
1165 4520 1283 4587 Corporis
1295 4521 1397 4572 Christi.
