3316 5220
493 498 518 546 T
513 496 609 547 ERCI
610 496 667 549 Ul!
682 498 717 546 D.
752 499 829 548 xviii.
842 514 885 548 arr.
898 500 947 548 xii.
962 500 1008 548 vii.
1022 500 1075 550 r‘r'e'r’.
1339 513 1387 565 293

180 668 344 731 vesperas,
359 652 404 713 etl
422 650 614 725 matutinas,
630 660 664 714 et
679 649 723 714 ad
740 650 885 728 missam,
901 651 974 714 Nisi
991 653 1024 715 in
1043 653 1243 717 lnuentione
1264 653 1388 718 Sancte

181 736 305 810 Crucis,
321 746 355 800 et
370 737 403 799 in
420 736 563 800 sabbato
575 737 617 800 ad
631 757 808 821 vesperas:
832 748 911 802 tunc
927 740 989 803 erit
1004 741 1180 823 processio.
1226 741 1386 805 Benedic-

181 823 288 886 tiones
303 822 434 887 feriales
449 843 517 888 non
533 824 689 889 dicuntur
704 844 809 908 vsque
824 834 902 908 post
917 825 1023 907 (Deus
1037 827 1205 909 omnium).

354 941 389 1011 ([
412 935 590 1000 Dominica
624 936 673 1017 (in
698 934 799 1019 albis)
827 939 916 1020 post²
947 938 1069 1002 Pasca:
1102 939 1211 1002 minus
1237 940 1386 1023 duplex:

356 1033 465 1088 totum
492 1022 536 1086 de
559 1023 744 1087 dominica:
782 1025 943 1088 memoria
968 1025 1011 1088 de
1035 1026 1283 1103 resurrectione,
1309 1046 1385 1091 cum

181 1106 289 1172 missa
336 1108 413 1173 Hac
428 1111 483 1174 die
498 1128 565 1173 non
581 1111 703 1173 dicitur
717 1110 816 1186 Deus,
828 1112 889 1193 qui
900 1112 1057 1174 hodierna
1067 1112 1129 1190 dre,
1140 1114 1199 1177 sed
1214 1113 1315 1192 Deus,
1329 1114 1390 1195 qui

172 1206 236 1275 per
247 1195 460 1277 nungentum.

197 1313 255 1457 ala
279 1309 376 1373 Feria
391 1309 430 1374 ii.
447 1311 489 1374 de
505 1310 608 1374 feria8
653 1311 878 1393 Responsoria
894 1311 1028 1392 Dignus
1042 1333 1097 1376 es:
1121 1312 1227 1376 Missa
1241 1313 1386 1376 domini·

178 1415 196 1455 c
231 1415 267 1459 rs.

219 1513 254 1583 ([
279 1508 376 1572 Feria
404 1509 455 1574 ‚iii
496 1508 539 1572 de
574 1508 796 1590 martyribus,⁴
846 1509 1078 1573 inuitatorium
1124 1510 1273 1594 duplex:
1318 1522 1386 1575 tres

178 1595 347 1671 lectiones,
362 1595 447 1659 sine⁸
462 1596 624 1678 regimine
637 1596 736 1660 chori.

181 985 248 1054 Apr.
265 983 318 1056 12.]

221 1827 255 1897 (ἶ
280 1822 377 1884 Feria
391 1843 429 1885 .v.
444 1821 488 1884 de
503 1830 620 1885 sancto
635 1821 828 1900 Ambrosio,
845 1820 999 1885 Inferius⁰
1020 1821 1168 1905 duplex:
1191 1821 1386 1905 Capitulum

179 1908 259 1971 Ecce
272 1909 425 1972 sacerdos.

222 2026 256 2096 (1
280 2021 377 2085 Feria
392 2020 442 2085 ‚vi
464 2021 508 2084 de
530 2019 619 2084 seria
665 2020 891 2103 Responsoria
914 2019 1054 2083 lenitur
1075 2031 1129 2083 cst.
1176 2020 1331 2103 Epistola
1354 2032 1387 2084 et

179 2107 391 2190 euangelium
407 2107 557 2171 eiusdem
574 2106 660 2171 serie.

221 2226 255 2296 (Ι
279 2219 437 2296 sabbato,
456 2220 499 2284 de
513 2229 629 2283 sancta
645 2220 760 2283 Maria

221 2338 256 2408 (l
277 2332 346 2396 Vbi
363 2330 448 2397 fiunt
470 2341 538 2395 tres
561 2331 904 2408 commemorationes,
920 2330 952 2394 in
968 2331 1017 2396 .vi.
1034 2330 1116 2395 seria
1131 2329 1190 2396 fiat
1215 2352 1282 2395 vna
1295 2352 1386 2395 com·

180 2421 385 2484 memoratio.
446 2418 493 2483 Et
523 2419 557 2482 in
581 2441 618 2483 .v,
646 2418 727 2482 seria
753 2417 907 2502 legantur
931 2418 1090 2482 lectiones
1117 2419 1159 2481 de
1183 2419 1386 2502 proprietate

179 2508 286 2571 sancti
302 2506 484 2581 Ambrosii,
501 2525 569 2570 non
585 2506 629 2569 de
643 2504 773 2569 omelia

353 2624 387 2694 (Ι
410 2617 589 2682 Dominica
603 2617 643 2681 .ii.
659 2626 737 2700 post
753 2618 878 2680 Pasca:
901 2618 943 2681 de
963 2616 1102 2680 seruicio
1116 2617 1330 2682 dominicali:
1352 2629 1387 2682 et

177 2671 245 2853 Αἵ·
262 2666 315 2739 ¹9·]
356 2706 517 2769 memoria
538 2708 581 2769 de
607 2712 724 2767 sancto
751 2703 918 2788 Alphego.
967 2705 1005 2767 ln
1030 2704 1185 2768 laudibus
1208 2724 1274 2768 vna
1300 2706 1384 2769 anti·

177 2812 298 2874 pona

194 2904 374 3056 ali{Feria
389 2905 427 2968 .ii.
442 2904 486 2968 de
502 2903 589 2967 seria
636 2902 862 2985 Responsoria
877 2902 1065 2984 Dignuses.
1112 2902 1218 2967 Missa
1241 2902 1383 2967 domini-

173 3012 192 3053 c
257 3044 264 3057 .

173 3151 178 3161 ·
217 3110 251 3180 {I
276 3105 373 3168 Feria
387 3104 439 3168 iii.
454 3103 498 3166 de
512 3101 600 3167 festo
614 3101 685 3166 loci.

216 3335 251 3405 01
276 3330 373 3392 Feria
388 3350 425 3393 .v,
441 3328 484 3391 de
499 3335 617 3391 sancto
631 3326 787 3410 Georgio,
803 3326 915 3388 Minus
931 3325 1067 3409 duplex.

217 3448 251 3518 (ἶ
275 3441 373 3504 Feria
387 3441 437 3504 .vi.
452 3440 496 3503 de
518 3438 607 3503 seria
654 3436 880 3521 Responsoria
903 3437 1044 3500 Locutus
1065 3447 1118 3500 est.
1166 3436 1320 3520 Epistola
1345 3449 1379 3500 et

172 3527 385 3612 euangelium
401 3526 550 3590 eiusdem
566 3525 653 3589 serie.

215 3647 250 3717 ([
273 3639 435 3717 Sabbato,
449 3638 493 3703 de
507 3648 625 3703 sancto
641 3638 765 3714 Marco,
782 3636 925 3701 Inferius
939 3636 1075 3718 duplex.

216 3759 251 3829 ([
273 3752 342 3817 Vbi
358 3749 442 3815 fiunt
457 3759 525 3815 tres
539 3750 883 3828 commemorationes,
899 3749 932 3813 in
948 3748 1010 3813 iiii.
1027 3747 1108 3811 seria
1126 3742 1185 3811 fiat
1201 3767 1267 3811 vna
1289 3767 1378 3810 com·

174 3840 392 3905 memoratio.⁷
438 3838 484 3903 Et
509 3838 783 3901 commemoratio
806 3845 921 3900 sancte
948 3836 1055 3899 Marie
1078 3836 1110 3898 in
1142 3835 1183 3898 vi.
1200 3833 1287 3898 seria
1334 3835 1380 3898 Et

174 3938 253 3993 tuuc
269 3928 301 3990 in
317 3927 356 3991 ii.
373 3925 455 3989 seria
470 3925 590 3990 dicitur
605 3924 867 4008 Responsorium
884 3923 1025 3986 Locutus
1038 3932 1092 3986 est.

349 4044 384 4114 ([
407 4036 587 4101 Dominica
608 4035 659 4100 iii.
682 4046 759 4119 post
776 4036 900 4099 Pasca:
923 4046 1032 4098 totum
1055 4034 1098 4097 de
1118 4032 1293 4097 dominica
1341 4033 1379 4095 ln

175 4093 242 4162 ΑΨ·
256 4087 312 4160 ²⁶¹]
352 4124 506 4189 laudibus
521 4143 587 4187 vna
603 4123 793 4205 antiphona

206 4361 446 4425 ¹et=om.87,88.
840 4357 957 4437 ffprima'
1005 4352 1144 4432 resne&

206 4428 315 4481 'feriisz
333 4441 428 4491 97,01.
838 4423 958 4474 ⁴5er
1025 4438 1050 4482 o,
1061 4430 1109 4470 etc.

206 4495 218 4525 ⁵
233 4495 342 4560 effisos
350 4494 421 4545 fluet
438 4503 481 4554 97.
492 4504 533 4541 01.
836 4488 848 4519 ⁸
865 4487 1056 4539 lnuitatorium:
1074 4497 1115 4548 97,
1127 4496 1169 4534 οι,

205 4561 217 4595 '⁴
231 4558 452 4612 commemoratio:
469 4574 517 4607 oue.
531 4555 572 4617 87,
585 4554 617 4604 88
