3316 5220
503 491 529 537 T
524 490 620 540 ERCI
620 490 681 541 HM
693 491 728 539 D.
762 492 839 539 aviii.
852 507 895 539 nv.
909 492 958 539 xii.
971 492 1018 540 evii.
1033 490 1084 540 iiii.
1349 502 1395 551 291

231 645 264 714 Q
288 639 356 703 Vbi
379 639 463 705 fiunt
485 654 553 705 tres
574 642 918 720 commemorationes,
933 643 965 706 in
981 643 1021 707 ii,
1037 642 1118 707 seria
1138 642 1197 707 fiat
1218 664 1284 707 vna
1306 662 1396 706 com·

189 728 394 792 memoratio.
433 728 478 792 Et
487 738 567 792 tunc
582 729 615 792 in
631 731 680 794 .vi.
697 728 778 793 seria
787 731 941 794 dicantur
954 730 1178 813 Responsoria
1192 730 1236 793 de
1250 730 1396 793 secundo

189 823 359 879 nocturno

189 937 258 991 Feb.
277 934 330 1007 15.]
364 933 399 1003 11
421 928 599 993 Dominica
615 929 648 993 in
664 929 702 1005 l,
717 939 826 993 totum
842 930 885 993 de
900 930 1076 994 dominica

230 1043 264 1113 (Ι
289 1038 386 1101 Feria
400 1039 440 1102 .ii.
456 1039 499 1104 de
514 1038 601 1104 sesto
613 1040 687 1119 loci,
701 1049 735 1104 et
752 1040 913 1104 memoria
928 1041 971 1104 de
986 1050 1103 1104 sancta
1123 1040 1259 1104 Iuliana

228 1155 266 1226 {I
290 1149 387 1214 Feria
401 1150 463 1228 iii,
478 1152 522 1215 de
536 1161 653 1216 sancta
669 1152 784 1216 Maria

150 1338 169 1359 ,Β
228 1268 266 1338 (1
289 1262 387 1326 Feria
401 1262 463 1327 ‚iiii
479 1264 513 1326 in
528 1265 639 1346 capite
654 1265 777 1343 ieiunii,
791 1265 834 1327 de
850 1264 939 1329 seria

230 1379 266 1450 11
288 1374 347 1438 Ab
360 1375 423 1439 hac
438 1385 558 1458 quarta
573 1375 655 1440 seria
668 1397 774 1459 vsque
788 1378 832 1440 ad
848 1376 1051 1440 dominicam
1074 1378 1107 1441 in
1131 1377 1215 1441 albis
1239 1376 1321 1439 nihil
1336 1374 1395 1438 fiat

186 1462 232 1525 de
247 1460 341 1524 sestis
356 1462 455 1526 trium
472 1462 660 1540 lectionum,
676 1463 738 1527 nisi
754 1474 885 1527 tantum
902 1464 1064 1528 memoria
1078 1465 1121 1528 ad
1133 1483 1287 1548 vesperas
1301 1472 1337 1527 et
1352 1464 1395 1527 ad

189 1548 373 1612 matutinas
386 1550 430 1613 de
444 1560 560 1613 sancta
577 1551 692 1615 Maria

233 1666 267 1735 (I
291 1661 388 1724 Feria
402 1683 441 1726 .v.
456 1662 505 1726 .vi.
521 1672 555 1726 et
577 1662 729 1740 sabbato,
750 1663 793 1726 de
820 1663 949 1727 ieiunio.
995 1664 1031 1747 [n
1051 1663 1128 1747 iiii]
1175 1664 1227 1744 In¹
1255 1663 1397 1726 sabbato

187 1747 344 1811 dicantur
360 1747 586 1831 Responsoria
600 1748 733 1813 ferialia

191 1871 258 1925 feb.
272 1868 328 1941 η]
364 1866 400 1937 11
422 1861 601 1925 Dominica
616 1862 725 1945 prima
735 1864 1000 1946 quadragesime,
1015 1873 1125 1927 totum
1140 1863 1184 1927 de
1199 1863 1375 1927 dominica

189 2058 199 2120 Ι
232 1977 267 2047 (I
290 1971 387 2035 Feria
416 1972 455 2036 ‚ii
494 1972 537 2036 de
573 1984 691 2038 sancto
729 1976 850 2040 Petro.2
907 1975 1142 2039 Inuitatorium
1171 1974 1315 2059 triplex:
1352 1974 1399 2039 ix.

202 2072 358 2123 ectiones.

234 2176 269 2246 ΙΙ
291 2171 321 2234 F
322 2171 390 2236 eria
404 2172 455 2237 iii.
470 2171 514 2236 de
528 2182 646 2238 sancto
663 2174 801 2249 Mathia,
819 2174 959 2237 Inferius
974 2174 1111 2258 duplex

234 2289 268 2359 (Ι
292 2284 473 2363 Ferianur,
487 2298 523 2349 et
537 2286 654 2349 ceteris
669 2286 757 2349 seriis
773 2307 833 2369 per
846 2285 1106 2362 hebdomadam,
1121 2287 1164 2350 de
1180 2286 1308 2349 ieiunio.
1354 2287 1400 2349 Et

191 2371 226 2432 in
241 2370 292 2434 .vi.
309 2369 390 2434 seria
404 2372 536 2436 dicatur
552 2372 815 2456 Responsorium
832 2372 954 2436 feriale.

193 2569 211 2632 s
235 2488 269 2558 (Ι
294 2483 334 2547 ln
351 2503 441 2547 anno
463 2484 622 2561 bisextili,
637 2484 696 2549 fiat
717 2485 895 2549 seruicium
918 2485 961 2549 de
983 2494 1101 2550 sancto
1125 2485 1257 2549 Mathia
1279 2486 1312 2548 in
1337 2485 1400 2549 iiii.

207 2590 285 2634 erra

235 2687 269 2757 (Ι
294 2683 340 2746 Et
370 2683 414 2746 ab
443 2683 530 2761 hinc,
560 2704 666 2766 vsque
702 2685 745 2748 ad
787 2684 1013 2766 inceptionem
1043 2684 1190 2758 historie,
1219 2685 1402 2767 accipiatur

192 2770 378 2833 secundum
397 2768 432 2848 C,
454 2791 516 2853 pro
542 2770 653 2834 littera
679 2770 882 2849 dominicali,
904 2783 938 2835 et
953 2771 1127 2836 inchoetur
1149 2771 1193 2834 ad
1218 2772 1400 2835 secundam

192 2856 397 2920 dominicam
413 2858 677 2942 quadragesime

193 2982 267 3036 Mar.
283 2977 319 3050 1.]
366 2975 402 3046 ΙΙ
426 2969 605 3034 Dominica
619 2971 660 3033 .ii.
677 2972 945 3054 quadragesime,
957 2979 1030 3035 tota
1043 2980 1197 3035 cantetur
1210 2970 1357 3034 historia.

235 3089 270 3159 ([
293 3082 391 3146 Feria
406 3083 455 3160 ii,
470 3083 513 3146 de
528 3097 647 3146 sancto
662 3081 797 3146 Cedda:
820 3085 865 3147 ire
881 3082 1064 3147 lectiones.³

235 3201 270 3271 ([
293 3194 404 3258 Feria⁴
420 3195 483 3273 .iii.,
498 3196 542 3259 de
557 3205 674 3259 sancto
691 3196 825 3259 Dauid:
848 3196 893 3258 ix.
915 3194 1097 3259 lectiones„³

194 3394 240 3458 Et
255 3397 289 3456 in
304 3394 356 3458 .vi.
371 3393 453 3458 seria
467 3395 588 3458 dicitur
602 3395 746 3476 primum
771 3395 1034 3477 Responsorium
1057 3393 1179 3472 feriale,
1194 3403 1230 3457 et
1250 3393 1342 3458 aliud
1365 3395 1397 3456 in

189 3481 344 3558 sabbato,
358 3502 435 3546 cum
453 3480 680 3565 Responsorio
694 3481 806 3560 Pater,
813 3483 952 3564 peccaui.

193 3606 267 3660 Mar.
280 3602 319 3675 8.]
367 3600 402 3670 ([
425 3593 606 3658 Dominica
620 3593 671 3657 iii
687 3594 952 3677 quadragesime,
963 3603 1073 3658 totum
1089 3595 1132 3658 de
1147 3592 1323 3657 dominica

235 3713 270 3783 ([
293 3708 391 3771 Feria
405 3707 445 3771 .ii.
461 3707 513 3771 ‚iii
529 3706 594 3770 iiii.
610 3708 660 3772 .vi.
675 3716 710 3770 et
725 3707 877 3783 sabbato,
891 3708 935 3770 de
951 3707 1081 3770 ieiunio.
1127 3705 1173 3768 Et
1188 3706 1222 3767 in
1237 3704 1301 3768 iiii.
1317 3703 1398 3767 seria

189 3796 315 3860 dicitur
329 3794 474 3878 primum
492 3794 755 3877 Responsorium
771 3793 893 3871 feriale,
908 3804 942 3857 et
957 3793 1023 3856 alia
1038 3795 1107 3857 duo
1122 3794 1155 3855 in
1172 3791 1321 3855 sabbato,

236 3913 270 3983 (Ι
294 3907 392 3970 Feria
406 3928 445 3970 .v.
461 3906 504 3970 de
521 3917 639 3970 sancto
662 3906 832 3989 Gregorio,
857 3905 997 3969 Inferius
1020 3905 1156 3988 duplex.
1202 3903 1396 3986 Capitulum

193 3994 274 4057 Ecce
287 3992 462 4076 sa[c]erdos
471 4019 484 4058 .·
506 3994 551 4057 ix.
568 3992 736 4070 lectiones,
752 3993 824 4057 sine
839 3993 1051 4075 expositione
1065 3989 1254 4074 euangelii³

192 4121 266 4173 utar.
284 4114 336 4187 ¹5]
367 4111 402 4181 ([
425 4106 606 4171 Dominica
621 4106 685 4170 iiii.
701 4105 966 4189 quadragesime,
981 4113 1089 4168 totum
1105 4105 1149 4168 de
1164 4101 1340 4167 dominica.

226 4424 234 4454 ¹
251 4437 277 4476 et
289 4425 332 4475 in:
350 4424 392 4487 87,
404 4425 444 4475 88.
967 4420 979 4450 ‘·’
995 4421 1121 4472 cathedra
1133 4420 1160 4470 S.
1175 4418 1250 4469 Petri.

225 4489 236 4518 ³
251 4491 284 4541 de
294 4492 430 4550 communi,
442 4491 579 4541 secundum
591 4492 696 4541 Sarum:
714 4490 771 4539 adl.
785 4501 826 4551 97,
836 4500 878 4537 01.
967 4486 978 4516 ⁴
993 4500 1019 4537 et
1029 4485 1106 4536 seria:
1124 4484 1167 4546 87.
1178 4484 1211 4536 88

220 4554 234 4583 ³
250 4556 392 4621 euangelii:
408 4573 455 4606 one.
470 4555 512 4618 87,
524 4556 565 4605 88.

1244 4630 1270 4681 'tl
1297 4634 1314 4678 ?
