3310 5206
278 461 312 511 4ο
606 447 881 500 DIRECTORIUM
895 447 1161 501 sicomorum

280 602 464 684 antiphone
493 601 648 666 dicantur
676 653 683 668 .
715 600 869 667 Secunde
898 622 1035 684 vespere
1064 612 1160 666 erunt
1197 602 1240 665 de
1273 603 1411 679 octauis,
1447 609 1482 664 et

282 690 443 753 memoria
472 689 515 752 de
546 700 663 753 sancta
693 688 810 764 Maria,
841 688 1026 771 antiphona
1057 689 1128 753 Sub
1156 699 1249 752 tuam
1271 740 1278 752 .
1301 688 1482 753 versiculus

281 774 668 945 ἕζνῐιῃεέαήξτιίἷὶἴξτίηὲτ.
684 774 802 840 Oratio
819 775 955 842 Concede
968 797 1032 840 nos.
1093 777 1225 841 Deinde
1241 776 1300 840 fiat
1320 776 1482 841 memoria

323 981 358 1051 (Ι
382 975 477 1038 Feria
500 974 560 1051 .vi.,
581 973 625 1037 de
654 984 770 1037 sancta
796 974 926 1037 Maria.
942 983 976 1037 et
1003 975 1163 1038 memoria
1185 977 1228 1039 de
1255 975 1481 1058 martyribus.

284 1061 439 1126 Secunde
465 1080 602 1145 vespere
626 1070 724 1124 erunt
753 1060 796 1123 de
827 1060 931 1124 seria.
961 1063 1147 1143 antiphona
1175 1062 1307 1126 alleluia
1329 1111 1338 1125 .
1359 1062 1481 1144 psalmi

282 1148 419 1213 feriales.
464 1147 656 1232 Capitulum
680 1147 803 1211 Estote'
828 1197 835 1211 .
864 1148 1023 1230 Hymnus
1045 1148 1169 1212 Etemc
1194 1170 1279 1212 rer.
1302 1149 1482 1213 versiculus

283 1236 466 1300 Ascendens
489 1284 496 1299 .
523 1234 707 1317 antiphona
741 1234 810 1298 Hcc
827 1234 950 1298 lonctus
970 1256 1044 1298 sum
1070 1284 1078 1300 .
1105 1234 1225 1300 Oratio
1248 1238 1292 1300 de
1314 1236 1483 1299 dominica

283 1323 482 1406 precedente
508 1371 515 1385 .
542 1322 702 1385 memoria
731 1321 774 1384 de
808 1331 925 1385 sancta
956 1322 1073 1398 Maria,
1095 1324 1280 1406 antiphona
1309 1322 1479 1397 Paradisi,

283 1410 463 1474 versiculus
492 1408 617 1473 Sancta
631 1408 698 1471 Dei
707 1408 857 1490 genitrix
872 1432 879 1472 :
896 1409 1015 1475 Oratio
1040 1410 1254 1473 Fornulorum
1270 1460 1276 1473 .
1294 1409 1416 1472 deinde
1437 1409 1482 1472 de

285 1497 451 1563 Omnibus
468 1495 600 1561 Sanctis
616 1544 623 1559 .
639 1495 824 1577 antiphona
838 1495 880 1558 ln
891 1496 1072 1561 celestibus.
1084 1497 1264 1560 versiculus
1286 1497 1482 1561 Voxleticc'e.
1560 1492 1564 1503 ’

283 1584 402 1650 Oratio
448 1582 682 1665 Infimitatem
720 1630 727 1646 .
765 1581 1030 1667 Completorium
1080 1585 1166 1647 sicut
1214 1583 1299 1647 insra
1346 1593 1484 1647 octauas

281 1671 519 1734 Ascensionis.⁸

325 1789 360 1859 (Ι
382 1782 541 1858 Sabbato,
557 1781 600 1844 de
615 1781 729 1865 vigilia
746 1781 985 1845 Penthccostes
1003 1803 1010 1844 :
1026 1781 1145 1865 psalmi
1165 1781 1300 1848 cantate
1315 1781 1350 1845 ii.
1365 1782 1484 1845 Domi·

283 1891 347 1935 nus
364 1870 539 1951 regnauit:
566 1868 760 1945 irascantur,
776 1868 1042 1932 Misericordiam
1064 1879 1096 1932 et
1117 1869 1275 1932 iudicium
1298 1919 1305 1932 .
1330 1869 1483 1952 Respon-

283 1959 371 2022 soria
397 1956 532 2036 Tempus
546 1964 600 2032 cst,
615 1955 689 2037 Ego
712 1955 837 2038 rogabo,
861 1954 907 2021 Si
928 1957 1028 2019 cnim⁴
1043 2006 1050 2019 .
1068 1957 1145 2020 Non
1169 1956 1291 2019 dicitur
1318 1956 1362 2020 Te
1375 1956 1484 2020 deum.

282 2048 325 2110 ln
351 2043 512 2113 laudibus,
538 2042 595 2105 fiet
626 2044 785 2106 memoria
809 2044 851 2105 de
881 2053 998 2106 sancta
1029 2043 1145 2120 Maria,
1177 2052 1211 2106 et
1241 2043 1284 2107 de
1314 2043 1484 2109 Omnibus

284 2132 425 2198 Sanctis.
471 2128 527 2192 Ad
544 2130 696 2212 primam.
712 2130 896 2213 capitulum
912 2129 1060 2206 Domine,
1077 2131 1248 2194 mc'screre.³

459 2245 493 2316 a
518 2240 557 2303 ln
582 2240 636 2303 die
662 2241 906 2311 Penthccostes,
923 2250 957 2305 et
983 2262 1042 2323 per
1061 2241 1318 2316 hebdomadam,
1344 2251 1416 2306 tota
1440 2241 1485 2304 de

461 2325 660 2391 solennitate
681 2327 767 2404 festi,
791 2338 826 2391 et
848 2328 929 2391 nihil
953 2327 996 2391 de
1020 2338 1138 2392 sancto
1162 2330 1342 2393 Dunstano
1365 2330 1397 2392 in
1421 2329 1486 2392 hoc

284 2435 394 2479 anno.
413 2413 458 2477 Et
473 2414 551 2496 quia
574 2424 652 2477 sunt
676 2415 790 2477 mxvii.
806 2414 973 2479 dominice
998 2436 1103 2498 vsque
1127 2416 1170 2478 ad
1197 2416 1390 2491 aduentum,
1407 2416 1486 2480 ideo

282 2522 349 2565 vna
373 2501 540 2564 dominica
566 2499 737 2566 differatur
763 2501 848 2564 infra
876 2512 1013 2565 octauas
1040 2503 1197 2584 Corporis
1220 2502 1352 2579 Christi,
1368 2513 1403 2566 et
1419 2501 1485 2566 alia

285 2588 468 2653 differatur
483 2586 517 2650 in
533 2589 588 2652 die
602 2589 707 2652 sancti
731 2588 860 2671 Ypoliti
884 2589 1052 2671 martyris⁶
1066 2589 1118 2652 vel
1135 2591 1168 2652 in
1192 2589 1247 2652 die
1265 2590 1485 2654 dedicationis

286 2676 432 2752 ecclesie,
461 2676 487 2738 si
519 2675 689 2738 dominica
719 2675 824 2739 fuerit.
870 2676 924 2739 De
953 2677 1046 2740 iestis
1075 2676 1174 2740 trium
1214 2676 1393 2740 lectionum
1425 2675 1486 2741 fiat

286 2763 447 2827 memoria
471 2762 556 2826 sicut
579 2781 639 2845 per
662 2765 811 2826 octauas'
837 2763 940 2826 Pasce
963 2762 1006 2826 ad
1022 2784 1178 2846 vesperas
1194 2773 1228 2827 et
1246 2765 1427 2828 matutinas
1442 2765 1487 2827 de

284 2858 402 2914 sancta
418 2849 528 2913 Maria
543 2898 550 2912 .
567 2847 668 2912 Nulla
684 2849 742 2912 fiat
758 2849 917 2912 memoria
932 2870 991 2932 per
1014 2850 1262 2914 hebdomadam
1288 2851 1331 2914 de
1358 2850 1486 2934 Spiritu

286 2936 412 3002 Sancto
427 2936 469 2999 ad
485 2956 640 3019 vesperas
655 2946 689 3001 et
706 2936 886 3000 matutinas
901 2946 1016 3000 sancte
1032 2937 1146 3001 Marie.

289 3101 359 3169 May
372 3095 427 3168 21⁶]
463 3052 497 3123 ᾖ
522 3048 560 3111 ln
587 3048 642 3110 die
667 3045 791 3111 Sancte
815 3047 997 3150 Trinitatis,
1013 3049 1128 3149 maius·
1143 3048 1279 3150 duplex,
1294 3058 1403 3113 totum
1428 3048 1489 3113 liat

463 3135 506 3198 de
521 3133 626 3211 lest03
650 3145 683 3198 et
698 3134 781 3198 fiant
795 3146 912 3200 octaue
927 3156 997 3199 stne
1012 3156 1172 3219 regimine
1187 3137 1286 3200 chon.

285 2294 355 2361 May
370 2288 422 2362 14]

329 3250 364 3324 (1
387 3247 483 3311 Feria
498 3248 538 3312 ii.
554 3248 597 3311 de
611 3247 751 3310 seruicio
766 3257 969 3325 octonarum,
984 3268 1083 3331 super
1096 3248 1288 3312 Benedictus
1302 3248 1489 3333 antiphona

289 3334 404 3399 Glon‘a
420 3334 501 3400 tibi.
518 3334 682 3398 Memoria
697 3335 740 3398 de
762 3344 878 3398 sancta
903 3336 1019 3412 Maria,
1034 3336 1219 3419 antiphona
1243 3335 1348 3398 Beata
1374 3346 1488 3399 mater.

287 3423 420 3487 Deinde
443 3423 487 3486 de
512 3421 678 3487 Omnibus
704 3420 835 3486 Sanctis
862 3422 1046 3505 antiphona
1074 3423 1288 3486 Exultabnnt.
1334 3421 1490 3487 Secunde

286 3529 423 3660 pqupere
438 3518 535 3573 erunt
549 3508 593 3572 de
609 3506 693 3571 festo
719 3509 792 3587 loci,
807 3519 840 3572 et
867 3510 1027 3573 memoria
1053 3510 1096 3573 de
1110 3509 1272 3585 octauis⁸;
1295 3510 1488 3592 antiphona,

360 3606 416 3659 sto.

321 3847 330 3879 ¹
347 3848 394 3900 SS.
408 3847 493 3898 Nereo
503 3856 529 3899 et
539 3847 646 3898 Achileo
657 3856 731 3913 atque
744 3847 883 3899 Pancratio.

320 3912 411 3977 “Cap
434 3914 526 3972 Estote,
546 3914 622 3963 Brea.
646 3916 703 3962 Sor.
725 3913 752 3963 .i.
781 3913 935 3965 dccclxxxiv.
983 3915 1079 3979 Hymn.
1110 3916 1206 3966 Etcrnc
1225 3933 1278 3975 rex,
1303 3915 1320 3966 i.
1350 3915 1488 3967 dcccclviii.

288 3980 321 4029 V.
336 3979 483 4037 ascendens,
496 3978 512 4027 i.
526 3978 661 4029 dcccclviii.
696 3980 757 4028 Ant.
771 3980 824 4028 Hec
835 3980 937 4039 locutus,
950 3979 966 4030 i.
981 3981 1138 4030 dcccclxxxv.

321 4043 759 4104 tnnt.Parad1·si‚Brev.Sar.iii.
775 4055 830 4105 702.
866 4045 898 4094 V.
919 4047 1012 4094 Sancta
1031 4047 1091 4105 Dei,
1111 4046 1136 4095 ii,
1159 4045 1215 4108 296.
1252 4046 1297 4096 Or.
1310 4048 1489 4108 Famulomrn,

362 4146 381 4223 ·.
401 4174 983 4237 „r
998 4110 1362 4240 t..
1408 4178 1493 4227 ...-

378 4238 384 4249 ,
526 4210 558 4250 „t
640 4211 646 4223 ·
711 4211 744 4224 ⁶·
908 4212 915 4225 ·
1020 4213 1035 4240 a
1151 4212 1187 4236 s·
1364 4214 1371 4227 ·
1432 4212 1465 4227 ··

288 4238 424 4369 enlmCulpil
425 4239 550 4363 0522leGC
557 4304 684 4379 miserere:
697 4306 772 4355 Brev.
786 4307 844 4355 Sar.
859 4305 884 4356 ii.
899 4315 938 4370 50.

321 4366 376 4406 ⁸—⁶
392 4370 431 4419 vel
442 4368 469 4418 in
479 4368 521 4418 die
532 4368 682 4420 visitahonis
692 4371 764 4420 beate
774 4370 863 4421 Marie.
903 4372 928 4420 Τ
924 4372 1066 4420 hcscroords
1073 4372 1204 4421 orcadded
1212 4373 1241 4421 irc
1250 4383 1291 4434 97,
1301 4386 1341 4422 01.
1353 4374 1382 4421 in
1388 4373 1457 4438 ploce
1466 4373 1498 4438 of

287 4434 316 4485 iu
327 4435 369 4485 die
379 4433 459 4484 sancti
470 4433 567 4499 Ypoliti
578 4436 692 4500 martyris
702 4436 746 4485 but
756 4452 800 4486 are
805 4437 896 4502 placed
908 4436 975 4501 after
985 4436 1065 4486 luerit.

283 4512 288 4521 “
321 4497 539 4551 ⁷·0cuuam288.
931 4499 1089 4552 ’πίπτοι
1126 4501 1318 4562 octa,corr.08.
