3372 5224
286 457 333 522 138
601 460 878 512 DIRECTORIUM
893 461 1160 512 SACERDOTUM.

327 619 363 689 ΙΙ
386 613 544 688 Sabbato,
561 614 604 677 de
625 613 800 695 apostolo.l
849 613 1082 677 Inuitatorium
1106 613 1241 698 triplex,
1256 615 1300 676 ix.
1322 612 1489 676 lectiones.

287 699 344 763 Ad
371 719 526 783 vesperas
545 700 588 762 de
615 710 732 763 sancto
759 700 914 764 Barnaba
929 750 936 764 .
954 701 1115 764 memoria
1141 703 1183 763 de
1209 702 1430 783 martyribus,²
1446 699 1489 762 de

287 786 461 862 dominica,
478 788 520 850 de
537 786 712 865 Trinitate,
727 797 761 850 et
777 788 966 870 processio.a

460 906 695 983 ssDominica
720 906 761 971 .ii.
784 905 827 970 de
853 907 992 970 seruicio
1018 907 1241 971 dominicali⁴:
1266 907 1376 971 medie
1398 906 1489 971 lecti·
1520 901 1526 913 '

282 956 357 1024 June
372 953 424 1026 ¹²¹]
461 1013 543 1057 ones
558 995 601 1057 de
617 995 838 1076 martyribus.2
885 995 924 1057 In
940 995 1094 1058 laudibus
1110 1015 1174 1058 vna
1190 995 1383 1078 antiphona.

327 1126 363 1196 ΙΙ
386 1121 482 1184 Feria
497 1122 536 1185 .ii.
552 1122 595 1185 de
610 1121 696 1185 festo
711 1122 783 1200 loci,
799 1123 926 1205 absque
941 1123 1070 1205 primis³
1083 1123 1236 1205 vesperis.

329 1254 364 1324 (Ι
387 1249 483 1313 Feria
513 1250 565 1313 .iii.
596 1249 639 1313 de
670 1262 787 1314 sancto
818 1250 948 1314 Basilio
997 1252 1229 1315 Inuitatorium
1260 1252 1415 1333 simplex,
1439 1249 1490 1312 .iil.

287 1333 448 1399 lectiones
463 1337 505 1399 de
522 1339 701 1401 communi.

329 1471 365 1541 ΙΙ
390 1466 485 1529 Feria
510 1467 574 1530 .iiii.
599 1467 642 1529 de
674 1468 898 1549 martyribus.⁶
945 1467 1171 1550 Responsoria
1194 1478 1227 1531 et
1248 1466 1427 1530 versiculus
1448 1469 1490 1531 de

287 1552 449 1616 secundo⁷
465 1564 636 1616 nocturno.

331 1687 365 1757 (l
389 1682 485 1744 Feria
506 1703 543 1744 .v.
563 1682 605 1745 de
626 1692 742 1745 sancto
762 1682 914 1747 Ricardo
962 1683 1075 1745 Medie
1098 1682 1256 1746 lectiones
1277 1682 1320 1745 de
1340 1681 1491 1763 martyri·

289 1768 374 1843 bus,⁸
390 1789 465 1832 cum
482 1768 644 1832 versiculo
663 1779 697 1833 et
717 1769 951 1852 Responsoriis
965 1772 1008 1834 de
1024 1769 1138 1833 tercio⁹
1154 1779 1325 1833 nocturno.

332 1903 366 1973 (I
390 1898 487 1960 Feria
501 1899 551 1961 .vi.
574 1898 616 1960 de
639 1896 735 1961 feriis.
782 1897 1008 1981 Responsoria
1031 1899 1073 1962 de
1101 1896 1209 1981 primo
1233 1906 1396 1960 nocturno
1418 1905 1491 1961 tan-

289 1994 370 2047 tum.

333 2110 367 2180 (l
390 2104 549 2180 sabbato,
560 2106 603 2168 de
618 2115 734 2168 sancta
748 2105 863 2181 Maria,
880 2114 913 2168 et
926 2105 1086 2168 memoria
1098 2105 1141 2168 de
1151 2105 1387 2186 martyribus.¹⁰
1424 2103 1492 2168 Vbi

291 2191 377 2255 fiunt·
390 2201 455 2255 tres
472 2193 815 2269 commemorationes,
831 2193 863 2255 in
880 2193 930 2255 .vi.
946 2192 1026 2255 feria
1042 2191 1100 2256 fiat
1115 2213 1179 2255 vna
1195 2193 1477 2256 commemoratio.

466 2328 500 2398 (l
524 2322 702 2385 Dominica
723 2322 786 2398 .iii.,
812 2323 855 2384 de
877 2323 1015 2399 seruicio
1037 2320 1246 2411 dominicali:
1271 2322 1380 2384 medie
1402 2321 1493 2385 lecti-

288 2372 362 2441 June
378 2369 430 2442 ¹9¹]
467 2429 549 2471 ones
564 2407 608 2471 de
625 2410 849 2490 martyribus¹¹
867 2430 943 2472 cum
964 2409 1190 2492 Responsorio
1205 2409 1276 2471 Hac
1296 2418 1343 2471 est
1364 2429 1442 2471 vera
1464 2458 1471 2472 .

292 2494 332 2556 In
349 2493 503 2559 laudibus
518 2517 583 2558 vna
599 2496 791 2579 antiphona.

333 2621 367 2691 (I
391 2616 487 2679 Feria
502 2617 541 2678 .ii.
564 2617 606 2679 de
632 2624 749 2678 sancto
774 2615 950 2690 Edwardo,
974 2628 1041 2679 tres
1067 2616 1234 2692 lectiones,
1260 2615 1492 2678 Inuitatorium

291 2701 427 2784 duplex.
472 2703 648 2767 Lectiones
663 2713 759 2767 erunt
775 2703 817 2766 de
832 2703 1010 2766 communi.

333 2828 367 2898 (I
392 2823 488 2885 Feria
503 2823 554 2885 .iii.
569 2822 612 2885 de
628 2822 713 2886 festo
728 2822 801 2887 loci.

291 3029 415 3092 Beatus
428 3030 485 3092 vir
496 3031 557 3111 qui
569 3031 604 3092 in
618 3030 814 3112 sapientia.¹²

335 3154 369 3224 (l
393 3149 489 3212 Feria
515 3172 552 3212 .v.
579 3149 622 3213 de
645 3159 762 3213 sancta
793 3149 1008 3224 Etheldreda,
1039 3169 1114 3212 curn
1149 3159 1334 3213 nocturno.
1351 3159 1385 3212 et
1418 3169 1494 3212 curn

294 3235 520 3318 Responsorio
530 3236 681 3319 Regnum
692 3237 814 3299 mundi.
861 3236 966 3300 Missa
981 3236 1181 3318 devigilia.¹³

335 3371 369 3441 (I
393 3365 489 3427 Feria
498 3363 547 3428 .vi.
559 3366 602 3427 de
611 3374 728 3428 sancto
740 3365 888 3428 lohanne
898 3365 1054 3448 baptista.
1100 3365 1157 3428 Ad
1167 3364 1330 3427 secundas
1340 3384 1494 3446 vesperas

293 3452 478 3534 antiphona
509 3451 579 3515 Sub
608 3461 699 3514 tuam
731 3452 919 3516 solenniter.
978 3452 1046 3515 Vbi
1078 3452 1162 3516 fiunt
1193 3462 1259 3515 tres
1293 3471 1494 3514 commemo·

292 3539 447 3615 rationes,
463 3540 496 3601 in
513 3539 552 3602 .ii.
565 3540 645 3603 feria
657 3538 715 3602 fiat
725 3559 790 3603 vna
802 3540 1084 3602 commemoratio.
1130 3539 1176 3603 Et
1192 3539 1352 3602 memoria
1364 3545 1495 3601 tantum

291 3627 336 3689 de
350 3638 468 3690 sancto
484 3626 659 3690 Edwardo.

326 3992 335 4025 ¹
352 3994 379 4045 S.
393 3994 516 4043 Bernaba
908 3991 919 4023 ²
936 3994 962 4045 S.
977 3993 1094 4054 Basilide,
1105 3993 1201 4054 Cirino,
1214 3992 1314 4043 Nabore
1326 4001 1351 4042 et
1362 3991 1477 4042 Nazario.

326 4058 337 4090 ³
353 4059 413 4109 fiat:
430 4060 486 4108 add.
501 4058 542 4120 87,
555 4056 595 4108 88.

326 4123 337 4155 ⁴
353 4123 473 4174 memoria
484 4132 581 4173 tantum
592 4123 625 4173 de
636 4122 785 4188 martyribus
797 4124 828 4173 In
839 4124 971 4174 laudibus:
988 4125 1044 4173 add.
1058 4134 1099 4187 97,
1112 4137 1152 4174 οι.

326 4188 337 4220 ⁵
353 4189 463 4265 primas:
480 4200 522 4251 97,
534 4201 574 4238 οι.
910 4186 921 4219 ⁸
938 4190 983 4271 ss:
998 4188 1067 4265 Vitp,
1081 4189 1198 4265 Modesto
1209 4196 1233 4238 et
1245 4187 1397 4238 Crescentis.

326 4254 338 4351 Ξ
353 4266 590 4382 ggclffri'dowbyfflot.
910 4252 1316 4370 ³⁰SSSS.Cllllrrlitcbeicthillriiichelliano.

328 4383 347 4416 ¹¹
365 4385 411 4436 SS.
426 4386 548 4435 Geruusio
559 4392 584 4433 et
596 4382 734 4434 prothasio.

328 4448 349 4481 ¹²
365 4450 415 4500 Vbi
430 4449 493 4500 fiunt
504 4458 554 4499 tres
565 4448 814 4500 commemorationes
825 4460 884 4500 tunc
895 4448 984 4499 dicitur
993 4449 1042 4511 [in]
1053 4449 1163 4515 capitulo
1173 4449 1269 4498 Beatus
1279 4449 1324 4498 vir
1334 4449 1381 4514 qui
1390 4447 1479 4514 suffert
1490 4463 1496 4496 ι

294 4517 460 4578 aua97,01.
913 4513 1009 4565 unae
1024 4515 1051 4566 s.
1066 4516 1087 4565 1.
1101 4516 1174 4580 Bapt.
