3316 5220
274 477 321 530 332
599 462 876 514 nruacaonrurr
903 460 1172 512 sacenaownr.

318 624 352 693 (Ι
376 618 472 682 Feria
496 618 544 681 .vi.
570 616 613 680 de
643 626 761 680 sancto
788 616 946 693 Firmino,
971 615 1205 678 lnuitatorium
1233 615 1383 697 duplex:
1416 623 1490 678 tres

274 705 441 768 lectiones.
488 703 682 787 Capitulum
702 703 819 768 Omnis
833 703 1002 785 pontifex)

316 832 351 902 (Ι
374 825 534 903 Sabbato‚
550 826 593 889 de
609 833 726 888 sancta
742 824 858 900 Maria,
874 834 908 887 et
924 823 1085 886 memoria
1100 824 1143 886 de
1159 821 1383 903 martyribus.²

318 962 440 1039 lIVbi
471 960 555 1025 fiunt
586 972 653 1025 tres
684 961 1030 1034 commemorationes,
1057 960 1091 1022 in
1122 959 1184 1021 iiii.
1215 959 1296 1022 seria
1326 956 1385 1022 fiat
1416 979 1489 1021 vna

275 1049 559 1114 commemoratio,
606 1049 662 1112 Ad
678 1068 834 1131 vesperas
850 1048 971 1111 dicitur
987 1047 1251 1130 Responsorium
1267 1054 1301 1107 et
1320 1047 1489 1108 memoria

274 1138 318 1200 de
334 1133 551 1219 martyribus⁸
565 1138 612 1199 et⁴
628 1136 670 1198 de
686 1148 802 1199 sancta
818 1135 993 1212 Trinitate,
1008 1143 1042 1198 et
1058 1132 1115 1196 fiat
1131 1132 1305 1216 processio.

448 1263 482 1333 (Ι
505 1257 635 1321 Littera
664 1255 887 1320 dominicalis⁶
909 1255 954 1331 D,
976 1255 1095 1337 quinto
1118 1254 1280 1317 kalendas
1305 1252 1488 1318 Octobris:

448 1353 521 1407 tota
537 1353 690 1407 cantetur
728 1343 772 1427 [p.
802 1343 856 1425 .ii.]
903 1343 1054 1405 Historia
1091 1342 1282 1424 (Adonaylz
1320 1343 1489 1405 memoria

271 1440 403 1494 tantum
420 1432 463 1494 de
479 1432 703 1514 martyribus⁸
750 1432 788 1494 In
808 1429 963 1494 laudibus
979 1449 1096 1493 omnes
1117 1429 1301 1512 antiphone
1317 1429 1487 1492 dicantur.

274 1309 351 1379 Sept.
366 1304 421 1377 ²7-]

314 1557 347 1627 (Ι
371 1552 468 1615 Feria
483 1552 523 1615 .ii.
539 1553 582 1614 de.
598 1552 684 1615 festo
699 1551 770 1616 loci.

313 1677 348 1747 (Ι
371 1672 468 1735 Feria
484 1673 537 1735 iii.
553 1672 597 1736 de
611 1681 729 1735 sancto
747 1670 921 1748 Michaele‚
939 1669 1079 1733 Inferius
1094 1669 1232 1751 duplex.

314 1918 347 1988 (Ι
371 1914 564 1996 Capitulum
580 1914 683 1977 Dedit
696 1913 867 1976 Dominus.
914 1912 971 1976 Ad
987 1912 1170 1975 matutinas
1190 1911 1320 1992 legatur
1336 1910 1487 1989 Omelia,

272 2000 357 2063 sicut
373 2001 405 2063 in
423 2001 477 2064 die
493 2003 600 2065 sancti
618 2000 811 2065 Ambrosii.⁶

314 2127 348 2197 (Ι
371 2121 467 2184 Feria
478 2144 524 2199 .v.,
535 2123 703 2185 desancto
717 2121 894 2203 Remigio:
918 2121 971 2183 ix.
983 2120 1150 2183 lectiones.
1189 2117 1303 2181 Medie
1319 2118 1484 2182 lectiones

271 2211 313 2272 de
329 2218 445 2271 sancto
462 2209 598 2285 Melore‚
614 2229 690 2272 cum
708 2208 947 2291 Responsorio⁷
962 2207 1005 2270 de
1021 2208 1129 2289 primo
1145 2215 1315 2271 nocturno.

312 2334 346 2403 (Ι
370 2329 467 2391 Feria
497 2329 547 2391 .vi.
572 2330 614 2391 de
644 2338 763 2392 sancto
794 2327 1012 2409 Leodegari0,
1045 2326 1279 2405 Inuitatorium
1311 2325 1483 2407 simplex:

269 2424 335 2477 tres
367 2415 525 2478 lectiones
557 2436 632 2478 cum
659 2415 892 2497 Responsoriis
919 2417 961 2477 de
985 2415 1134 2477 secundo
1161 2423 1331 2476 nocturno
1377 2411 1482 2495 Capi·

271 2502 379 2565 tulum
398 2502 516 2566 Omnis
521 2503 676 2584 pontifex.

312 2628 347 2700 (Ι
370 2622 539 2686 Sabbato:
563 2624 617 2703 vbi
642 2622 727 2686 fiunt
750 2631 817 2685 tres
840 2623 1184 2697 commemorationes,
1200 2621 1232 2683 in
1249 2620 1299 2684 .vi.
1316 2620 1397 2683 seria
1420 2619 1483 2684 fiat

268 2730 334 2772 vna
349 2711 632 2773 commemoratio.

444 2836 478 2906 (Ι
503 2831 630 2894 Littera
669 2829 902 2894 Dominicalis⁵
933 2830 976 2905 D,
1006 2838 1126 2910 quarto
1157 2828 1275 2890 Nonas
1301 2827 1480 2892 Octobris:

269 2880 332 2934 Oct.
345 2877 384 2950 4]
445 2926 517 2980 tota
540 2927 693 2980 cantetur
708 2915 878 2999 historiall
893 2917 1101 2999 Adaperr‘at.⁸
1138 2917 1176 2978 In
1193 2915 1347 2978 laudibus
1359 2935 1479 2978 omncs

269 3003 454 3085 antiphone
469 3005 633 3068 dicuntur.

311 3127 344 3197 (Ι
369 3122 464 3186 Feria
480 3125 520 3186 .ii.
536 3124 579 3187 de
596 3125 682 3188 sesto
698 3124 770 3187 loci.

301 3468 316 3545 ¹=
327 3470 401 3585 F'eria
412 3470 437 3585 ιὲ.
452 3469 484 3520 νὶ.
498 3480 524 3520 et
536 3470 647 3521 Sabbato
657 3470 690 3521 de
700 3470 995 3520 commemorationibus:
1013 3470 1089 3519 Brev.
1133 3467 1196 3528 (Sed
1204 3468 1294 3531 Porrif
1312 3477 1374 3530 1519
1385 3467 1480 3517 rectius

266 3545 359 3585 omrttrt
381 3552 402 3585 e.
434 3574 440 3585 .

301 3614 324 3662 ε
339 3537 455 3664 Adanay).
493 3601 588 3651 Littera
599 3601 757 3651 dominicalis
767 3602 802 3650 D.
817 3609 852 3650 νο.
867 3600 989 3650 kalendas
1001 3599 1126 3650 Octobris.
1140 3607 1194 3648 tota
1205 3606 1317 3647 cantetur
1325 3596 1438 3655 historia,
1452 3608 1479 3648 et

268 3666 388 3716 memoria
400 3676 496 3716 tantum
508 3667 540 3716 de
551 3667 700 3716 martiribus.

300 3732 320 3792 [‘
330 3733 362 3780 In
373 3731 487 3782 laudibus
498 3748 585 3782 omnes
594 3732 731 3797 antiphone
743 3731 875 3781 dicuntur.'
886 3733 942 3780 add.
957 3730 1121 3794 Gascoigne.]

301 3797 373 3846 Feria
384 3798 409 3861 ij.
424 3806 449 3846 et
460 3798 574 3853 sabbato.
588 3798 620 3846 de
632 3797 885 3847 comemoracionibus
897 3796 922 3846 in
934 3796 966 3861 vj.
981 3797 1042 3845 seria
1053 3795 1097 3844 fiat
1113 3792 1304 3852 comemoracio,
1317 3803 1342 3842 et
1354 3792 1477 3843 memoria

269 3862 300 3911 de
313 3862 385 3921 sesto,
397 3874 422 3912 et
434 3863 616 3927 responsorium
629 3862 714 3912 feriale
726 3862 927 3927 pretermittatur.
966 3872 1004 3922 77.

299 3926 310 3957 ²
327 3927 373 3978 SS.
388 3928 523 3993 Cypriam,
537 3938 584 3978 etc.
932 3926 943 3957 ³
960 3927 1006 3977 SS.
1021 3926 1114 3976 Cosma
1125 3934 1150 3975 et
1162 3924 1295 3974 Damiano.

299 3992 310 4022 ⁴
326 4002 351 4042 et
363 3995 418 4042 and
425 4002 526 4042 sancta:
544 4010 591 4042 ont.
605 3991 647 4053 87,
660 3991 700 4042 88.
931 3990 942 4021 ⁶
958 3991 1119 4041 dominicali:
1137 3989 1178 4051 87,
1191 3989 1231 4039 88.

298 4055 310 4087 ⁰
325 4058 367 4108 Ad
378 4059 500 4109 secundas
510 4074 626 4123 vesperas
636 4059 716 4108 sancti
733 4056 858 4121 leronymi
875 4057 937 4107 fiant
953 4057 1072 4107 memorie
1089 4056 1120 4105 de
1137 4055 1230 4106 sanctis
1246 4053 1395 4104 solenniter:
1414 4056 1474 4104 add.

265 4134 306 4184 97,
319 4135 360 4173 or.
933 4121 943 4154 ⁷
961 4121 1151 4197 Responsoriis:
1170 4120 1211 4181 87,
1224 4119 1265 4178 88,
1278 4131 1319 4181 97,
1331 4132 1372 4168 οι.

267 4187 309 4303 ΗΒ
326 4201 353 4264 01⁸
364 4190 510 4252 Adsperr'at.
549 4188 644 4238 Littera
658 4188 816 4240 dominicalis
827 4189 862 4237 D.
882 4187 916 4252 iij.
931 4189 986 4251 [leg.
1001 4187 1059 4252 irij.]
1070 4203 1149 4236 nonas
1161 4185 1286 4235 Octobris.
1300 4194 1353 4234 tota
1362 4192 1478 4233 cantetur

286 4264 378 4304 istoria.

300 4319 372 4368 Feria
384 4318 409 4394 ij.
424 4328 449 4368 et
461 4320 566 4368 sabbato
577 4319 609 4369 de
621 4318 883 4369 comemoracionibus.

299 4384 325 4433 Si
337 4384 428 4434 suerrnt
439 4394 488 4433 tres
499 4385 725 4434 comemoraciones
737 4386 763 4434 in
775 4401 798 4434 v.
813 4384 873 4433 leria
884 4383 928 4433 fiat
939 4400 987 4432 vna
999 4381 1187 4432 comemoracio.

299 4449 366 4499 Nota
378 4449 445 4514 quod
464 4449 577 4514 Epistola
594 4459 619 4498 ct
638 4451 802 4514 Euangelium
817 4451 850 4499 de
870 4449 912 4512 iiij.
927 4448 996 4498 seria.
1012 4448 1036 4496 in
1049 4447 1188 4497 ebdomada
1208 4445 1276 4510 xxiij.
1299 4461 1343 4509 per
1360 4445 1476 4495 Estatem

266 4514 373 4579 pertinet
384 4514 417 4563 ad
429 4514 472 4579 iiij.
485 4514 570 4565 feriam
579 4514 605 4563 in
612 4515 752 4565 ebdomada
759 4515 817 4579 xvij.
829 4530 884 4564 cum
892 4514 964 4564 suerit
974 4524 1072 4578 tempus
1078 4521 1236 4578 oportunum.
1273 4522 1311 4572 77.
