3372 5224
675 479 751 529 SEX
752 479 839 531 TUM
854 481 889 530 A.
1351 491 1395 541 ¹07

189 639 269 783 All
292 630 389 732 Feria
403 631 454 697 .vi.
478 632 521 695 de
536 631 677 696 octauis¹
693 678 702 696 .
717 641 785 696 tres
802 617 969 708 lectiones,
985 640 1020 695 et
1036 633 1195 696 memoria
1213 631 1256 695 de
1279 641 1396 695 sancto

225 729 349 804 gaprto.

236 845 271 916 11
293 838 454 914 Sabbato,
478 838 521 900 de
544 836 693 916 octauis‚¹
709 846 743 901 et
764 839 923 902 memoria
946 838 990 903 de
1015 848 1132 902 sancto
1156 840 1292 921 Magno,
1336 837 1394 902 Ad

194 945 361 1009 vesperas,
375 925 537 987 memoria
553 925 596 988 de
615 925 784 988 dominica
799 936 833 988 et
849 926 892 988 de
907 925 1080 1001 Trinitate‚
1097 935 1131 990 et
1146 925 1314 1009 processio
1329 924 1395 989 fiat.

196 1013 236 1077 In
251 1012 459 1088 reuertendo,
476 1011 661 1094 antiphona
678 1012 839 1075 Saluator
852 1012 976 1075 mundi.

368 1137 403 1208 (Ι
426 1131 606 1194 Dominica
652 1131 715 1195 .iiii.
750 1141 859 1196 totum
889 1131 933 1195 de
970 1132 1098 1195 octauis
1143 1131 1396 1213 Assumptionis

369 1218 468 1281 beate
501 1218 616 1282 Marie.
674 1219 713 1282 In
745 1219 899 1283 laudibus
930 1238 996 1281 vna
1030 1218 1223 1301 antiphona,
1265 1230 1298 1282 et
1330 1218 1396 1281 due

193 1304 371 1381 memorie;
403 1305 505 1367 missa
533 1305 742 1368 dominicalis
768 1307 800 1369 in
831 1305 978 1388 capitulo
1007 1305 1144 1369 dicatur.
1189 1304 1235 1369 Et
1258 1314 1338 1369 tunc
1361 1305 1395 1368 in

189 1410 323 1454 summa
339 1392 440 1454 missa
455 1391 546 1455 nulla
562 1393 731 1455 memoria.

191 1183 265 1251 Aug.
278 1178 335 1252 ao]

233 1515 267 1586 (Ι
291 1511 388 1573 Feria
402 1511 444 1574 ii.
460 1511 503 1575 de
514 1510 664 1575 octauis.¹

233 1647 267 1718 (Ι
290 1630 387 1694 Feria
403 1631 453 1695 iii.
470 1632 513 1695 de
528 1640 658 1708 octaua,
670 1634 750 1695 tres²
766 1631 932 1696 lectiones.
978 1632 1212 1697 Inuitatorium
1228 1630 1362 1713 triplex.

233 1751 387 1827 QIFeria
416 1751 479 1815 iiii.
511 1751 555 1813 de
585 1751 799 1834 martyribus
831 1772 907 1815 cum
938 1761 1109 1829 nocturno,
1141 1761 1175 1815 et
1215 1751 1318 1813 missa
1350 1750 1393 1813 de

188 1837 326 1920 vigilia.⁴

232 1957 387 2033 QIFeria
424 1978 463 2021 .v.
510 1958 553 2020 de
590 1966 707 2021 sancto
746 1957 993 2036 Bartholomeo,
1057 1958 1197 2021 Inferius
1240 1955 1394 2039 duplex:

191 2045 352 2108 memoria
366 2044 410 2107 de
425 2053 544 2108 sancto
558 2044 739 2108 Audoeno.

232 2166 267 2237 (Ι
290 2159 387 2224 Feria
402 2160 451 2224 .vi.
467 2160 511 2224 de
527 2160 613 2229 sesto
629 2160 702 2225 loci.

232 2286 267 2357 {I
289 2279 448 2357 Sabbato,
478 2281 521 2343 de
545 2289 661 2343 sancta
687 2282 816 2344 Maria.⁶
886 2281 944 2345 Ad
968 2301 1132 2365 vesperas,
1158 2280 1319 2343 memoria
1349 2278 1392 2341 de

190 2377 307 2430 sancto
323 2366 432 2444 Ruffo,
448 2376 483 2431 et
500 2368 544 2431 de
563 2367 738 2443 Trinitate,
754 2379 788 2431 et
808 2368 984 2451 processio.
1031 2370 1070 2432 In
1087 2368 1292 2443 reuertendo,
1308 2366 1392 2430 anti-

191 2454 316 2536 phona⁶
336 2455 417 2518 Tota
424 2454 543 2536 pulcra
557 2502 565 2517 .
581 2455 633 2517 vel
649 2455 722 2518 alia.

365 2575 602 2652 11Dominica
628 2596 674 2653 .v.‚
699 2576 742 2638 de
768 2576 908 2638 seruicio
934 2574 1135 2639 dominicali.
1191 2574 1304 2638 Medie
1328 2573 1392 2636 lec·

188 2624 261 2693 ΑΨ
275 2621 331 2695 ²7']
366 2662 475 2725 tiones
490 2663 533 2725 de
557 2672 674 2724 sancto
693 2662 825 2744 Ruph0.
873 2663 911 2725 ln
939 2663 1092 2726 laudibus
1107 2682 1172 2725 vna
1187 2661 1393 2743 antiphona,²

192 2754 226 2809 et
240 2745 306 2809 due
322 2749 489 2811 memorie.
535 2748 593 2812 Ad
621 2769 777 2831 vesperas
801 2751 845 2812 de
877 2760 994 2812 sancto
1018 2748 1222 2832 Augustino
1246 2746 1392 2811 solennis

191 2834 352 2899 memoria
366 2836 410 2898 de
424 2844 542 2899 sancto
559 2836 729 2910 Hermete,
746 2847 780 2898 et
795 2835 839 2899 de
854 2837 1023 2899 dominica
1038 2836 1240 2899 solenniter.⁸

230 2954 385 3030 QIFeria
408 2954 448 3020 ii.
475 2955 518 3019 de
542 2966 659 3021 sancto
684 2957 900 3040 Augustino.9
972 2955 1113 3020 Inferius
1140 2955 1276 3039 duplex.
1332 2952 1389 3016 Ad

187 3041 352 3104 secundas
366 3063 531 3127 vesperas,
546 3044 612 3106 due
627 3045 787 3107 memorie
801 3045 964 3107 solennes.

230 3161 384 3237 QIFeria
409 3163 462 3227 iii.
487 3162 531 3225 de
555 3174 673 3227 sancto
700 3164 857 3227 Iohanne.
905 3163 1138 3227 Inuitatorium
1168 3160 1293 3244 triplex
1315 3205 1324 3224 .
1346 3159 1391 3222 ix.

189 3246 365 3311 lectiones:
388 3250 549 3312 memoria
564 3261 599 3313 et
614 3251 717 3314 missa
731 3251 764 3313 in
781 3251 931 3334 capitulo
945 3250 988 3314 de
1002 3259 1119 3313 sancta
1135 3247 1270 3313 Sabina.

187 3453 304 3519 tiones.

230 3581 265 3652 (Ι
288 3575 384 3639 Feria
398 3598 438 3640 .v.
454 3577 497 3640 de
509 3576 595 3641 festo
610 3577 683 3655 loci,
698 3588 732 3642 et
748 3579 909 3642 memoria
924 3581 967 3644 de
980 3587 1096 3642 sancta
1112 3575 1315 3658 Cuthburga

218 3816 228 3849 ¹
244 3820 437 3885 Asamprionie

219 3881 231 3915 ²
247 3884 279 3934 ix
293 3886 413 3936 lectiones
423 3887 468 3935 bu!
479 3886 652 3937 Inuitatorium
664 3887 755 3953 triplex
765 3904 812 3937 one.
832 3885 873 3949 87,
885 3886 926 3938 88.

220 3948 232 3981 ²
248 3950 294 4001 SS.
308 3951 443 4001 Timotheo
453 3961 478 4002 et
489 3953 643 4017 Apollinare.

219 4014 231 4045 ⁴
247 4016 273 4066 S.
288 4017 465 4067 Bartholomei.
501 4018 540 4067 Cf.
558 4019 633 4067 Crede
644 4018 751 4078 Michi§
765 4018 819 4081 163,
832 4033 857 4082 p.
871 4030 912 4081 73.

220 4078 231 4110 ⁵
248 4081 331 4131 Etiam
346 4091 405 4146 post
421 4084 494 4132 Octa.
508 4082 693 4147 Assumptionis
709 4083 753 4132 fiat
769 4084 870 4148 plenum
886 4082 1013 4133 seruitium
1031 4081 1063 4131 de
1081 4083 1110 4131 B.
1132 4080 1213 4131 Maria
1228 4080 1254 4130 in
1270 4080 1320 4130 alia
1331 4080 1392 4131 seria

187 4144 215 4195 in
226 4146 313 4196 eadem
325 4146 484 4196 hebdomada
495 4148 516 4196 si
528 4148 580 4197 fieri
592 4148 690 4213 poterit
727 4149 827 4212 Deseris.
840 4149 937 4198 Direct.
951 4165 973 4198 c„
986 4162 1028 4211 40,
1041 4164 1067 4213 p.
1084 4160 1121 4208 14.

218 4208 231 4240 ⁰
244 4212 400 4276 antiphona:
416 4230 463 4262 otri.
478 4212 519 4274 87,
532 4212 571 4263 88.

217 4274 229 4307 ⁷
244 4277 399 4342 antiphona:
415 4295 462 4327 om.
476 4290 518 4340 97,
529 4292 570 4327 01.

218 4338 230 4371 ⁸
264 4341 362 4391 riuatim
373 4343 508 4392 secundum
519 4344 632 4393 ordinale
642 4343 687 4406 sor
701 4343 853 4394 solenniter:
871 4342 911 4403 87,
924 4342 964 4393 88.

218 4403 230 4436 ’
279 4473 285 4483 .
303 4406 344 4457 vii.
363 4409 410 4458 lec.
430 4408 456 4458 in
473 4409 536 4458 festo
553 4409 579 4459 S.
599 4408 741 4473 Augustini,
757 4411 833 4458 Crede
843 4411 882 4458 M.
896 4412 910 4469 ἕ
924 4422 978 4471 191,
991 4425 1016 4474 p.
1031 4406 1071 4458 80.
1107 4408 1186 4457 Mem.
1199 4406 1231 4456 de
1247 4405 1273 4457 S.
1290 4406 1350 4471 Joh.
1364 4417 1390 4456 et

184 4470 397 4589 alosesbgnapefioe
408 4548 434 4587 et
446 4538 570 4588 Adnueto.
