3310 5206
405 800 453 881 Μ
478 802 599 885 Incipit
623 802 779 886 prologus
803 803 836 866 in
863 811 1043 871 tractatum
1068 810 1264 886 sequentem
1289 802 1360 885 (qui
1387 800 1429 884 [a.
1459 818 1471 863 1

362 889 482 954 dicitur
496 891 706 954 directorium
723 892 956 969 sacerdotum).

279 1126 465 1261 CLatnat
480 1125 652 1210 propheta,
666 1125 791 1190 clamat
806 1142 839 1190 et
862 1127 1018 1209 baptista,
1033 1126 1306 1212 euangelistaque
1326 1126 1477 1189 hortatur

384 1214 506 1289 dicens,
531 1213 662 1296 Βίνίςι1
682 1214 772 1276 viam
793 1214 939 1277 Domini.
982 1214 1084 1278 Viam
1106 1215 1240 1297 inquam
1270 1213 1417 1289 Domini,
1443 1213 1476 1274 id

278 1303 342 1366 est²
358 1320 443 1383 opus
459 1301 597 1364 Domini
614 1323 621 1362 :
637 1301 715 1382 quia
733 1301 819 1364 solet
836 1320 1075 1383 nonnunquam
1096 1301 1160 1365 Dei
1175 1302 1336 1382 scriptura
1351 1321 1391 1363 ea
1406 1300 1477 1362 siue

278 1408 343 1473 que
364 1387 448 1465 lecit,
464 1387 535 1451 siue
558 1407 623 1470 que
641 1407 662 1450 a
679 1388 748 1451 suis
770 1386 839 1451 fieri
863 1387 966 1464 iussit,
987 1388 1113 1451 viarum
1138 1389 1271 1451 nomine
1294 1387 1477 1471 designare.

280 1476 356 1540 Hoc
387 1475 486 1558 igitur
515 1473 745 1557 propheticum
776 1483 810 1537 et
839 1476 1078 1557 euangelicum,
1106 1483 1140 1539 et
1170 1476 1197 1538 si
1223 1493 1289 1538 non
1313 1473 1479 1544 omnibus,

278 1563 426 1626 maxime
439 1572 551 1625 tamen
564 1561 660 1624 nobis
671 1561 828 1625 conuenit
839 1562 1074 1638 sacerdotibus,
1086 1572 1119 1625 et
1131 1563 1164 1625 in
1177 1562 1277 1625 sacris
1288 1562 1479 1624 constitutis

277 1649 469 1714 ordinibus:
485 1669 526 1711 eo
538 1647 628 1732 quod
644 1648 687 1711 ad
704 1649 931 1733 peragendum
943 1648 1093 1712 diuinum
1106 1668 1191 1731 opus
1203 1650 1235 1711 in
1248 1648 1479 1712 ecclesiasticis

277 1735 394 1801 officiis
409 1735 583 1819 specialius
599 1734 794 1819 obligamur.

323 1822 380 1887 Ad
404 1825 496 1886 cuius
520 1823 684 1905 siquidem
710 1824 819 1906 operis
842 1823 1068 1906 expletionem
1091 1824 1199 1885 tanto³
1221 1823 1383 1885 debemus
1397 1820 1481 1902 vigi·

279 1909 406 1974 lancius
428 1909 508 1993 [ac⁴]
529 1908 705 1973 sollicicius
732 1920 844 1973 nostre
867 1910 987 1973 mentis
1012 1929 1151 1973 acumen
1175 1909 1325 1992 dirigere,
1352 1917 1481 1991 quanto

279 1997 440 2082 grauioris
484 1997 648 2060 sententie
684 1998 819 2060 vulnere
855 1995 1079 2079 percellemur.
1148 1994 1184 2061 Si
1222 1997 1327 2078 (quod
1365 1993 1481 2077 absit)⁶

280 2083 485 2169 negligentes
508 2084 541 2146 in
564 2083 627 2146 hac
650 2093 744 2167 parte
767 2085 886 2165 reperti
910 2083 1076 2160 fuerimus,
1092 2083 1235 2147 Dicente
1256 2082 1406 2146 Domino
1421 2102 1482 2165 per

280 2170 488 2254 prophetam.
540 2170 738 2235 Maledictus
762 2170 854 2234 homo
878 2171 940 2253 qui
956 2171 1048 2251 facit
1075 2180 1153 2252 opus
1173 2169 1243 2233 Dei
1262 2167 1483 2253 neglegenter!

280 2264 315 2334 (1
338 2258 383 2321 Et
409 2258 563 2341 quamuis
594 2258 626 2320 in
656 2257 719 2321 hoc
748 2259 854 2321 diuini
884 2258 1012 2321 seruicii
1035 2277 1143 2340 opere,
1172 2259 1330 2340 precipua
1359 2255 1481 2320 interni

281 2344 384 2408 studii
406 2345 450 2408 ad
472 2344 536 2408 hoc
558 2344 654 2426 dirigi
670 2345 792 2409 debeat
806 2345 988 2429 diligentia,
1003 2354 1038 2408 vt
1060 2344 1254 2408 intentionis
1270 2345 1483 2427 premittatur

282 2432 455 2509 rectitudo,
491 2441 525 2495 et
561 2432 669 2495 cordis
705 2432 813 2495 intimi
858 2432 1057 2496 desiderium
1095 2432 1138 2495 ad
1178 2431 1289 2494 Deum
1327 2431 1481 2513 erigatur,

282 2518 537 2602 Verborumque
574 2519 731 2583 distincta
768 2519 919 2603 prolatio,
955 2528 1057 2602 atque
1093 2518 1274 2583 eorundem
1320 2518 1482 2601 sapidiusf

284 2605 453 2669 hauriatur
474 2626 601 2684 sensus,
622 2627 689 2670 non
711 2626 815 2689 parua
838 2616 951 2670 tamen
975 2614 1110 2688 propter
1132 2605 1196 2668 hoc
1219 2604 1409 2668 adhibenda
1431 2613 1482 2667 est

285 2712 363 2756 cura
388 2742 394 2756 .
418 2703 454 2756 vt
480 2693 544 2756 hoc
569 2694 677 2776 ipsum
703 2694 768 2757 Dei
797 2713 882 2776 opus
909 2693 1023 2756 debito
1049 2693 1149 2757 etiam
1177 2693 1280 2756 modo
1305 2701 1339 2755 et
1364 2691 1482 2755 ordine

285 2780 468 2843 secundum
501 2779 631 2863 regulas
665 2780 823 2844 ordinalis
857 2778 986 2857 Sarum,
1022 2781 1065 2844 ab
1102 2780 1153 2842 his
1191 2781 1248 2861 qui
1284 2779 1354 2842 eius
1384 2798 1481 2842 vsum

284 2867 378 2949 sequi
394 2876 558 2940 tenentur,
574 2868 620 2930 in⁸
644 2868 800 2931 omnibus
826 2867 1042 2950 persoluetur.
1087 2867 1225 2949 Propter
1239 2868 1328 2949 quod
1345 2866 1483 2948 quidam

285 2953 426 3018 deuotus
456 2964 490 3017 et
518 2955 615 3017 huius
650 2956 753 3018 diuini
791 2954 900 3038 operis
936 2954 1104 3017 studiosus
1138 2952 1281 3031 relator,⁹
1313 2954 1483 3035 quendam

177 3096 179 3099 ,
284 3040 480 3123 compilauit
502 3050 679 3105 tractatum
703 3044 745 3104 de
768 3041 913 3105 historiis
927 3040 1123 3104 inchoandis
1139 3090 1146 3104 .
1161 3050 1195 3103 et
1210 3042 1253 3104 de
1268 3041 1485 3122 responsoriis

287 3126 453 3191 ferialibus
468 3129 652 3205 cantandis,
664 3139 697 3192 et
706 3131 748 3193 de
756 3127 1129 3192 commemorationibus
1145 3128 1393 3209 septimanatim
1405 3146 1484 3189 con-

286 3213 472 3278 saciendis¹⁰
498 3264 504 3278 .
529 3225 563 3278 et
586 3216 628 3279 de
653 3214 725 3279 aliis
748 3215 947 3291 huiusmodi,
971 3215 1014 3278 ad
1039 3215 1289 3278 instructionem
1315 3215 1424 3276 minus
1451 3215 1484 3276 in

285 3301 409 3365 talibus
435 3311 658 3384 expertorum.
704 3302 770 3385 Qui
785 3302 946 3384 quidem¹l
963 3310 1124 3366 tractatus
1145 3302 1224 3384 quia
1239 3302 1309 3385 agit
1333 3301 1375 3363 de
1400 3300 1486 3363 lesto

289 3389 445 3471 Corporis
461 3388 582 3453 Christi
597 3411 673 3454 cum
690 3391 817 3454 octauis
837 3389 908 3452 sine
928 3389 1088 3471 regimine
1104 3388 1202 3466 chori,
1218 3407 1283 3469 que
1299 3388 1365 3450 iam
1381 3387 1484 3450 ferme

288 3475 332 3538 ab
361 3476 516 3539 omnibus
546 3497 621 3540 cum
653 3478 812 3559 regimine
842 3476 932 3539 chori
963 3474 1173 3540 laudabiliter
1202 3476 1428 3549 obseruantur,
1451 3484 1486 3538 et

287 3562 432 3644 quedam
448 3565 528 3626 satis
543 3565 730 3627 necessaria
745 3565 869 3628 omittit
892 3561 1052 3626 nonnulla
1067 3583 1145 3626 vero
1164 3562 1344 3645 peritorum
1364 3561 1487 3624 iudicio

289 3650 399 3712 minus
425 3660 512 3713 recte
540 3651 572 3714 in
597 3671 638 3714 eo
662 3652 891 3734 disponuntur,
919 3660 1055 3713 coactus
1085 3670 1158 3712 sum
1189 3669 1253 3731 ego
1276 3651 1487 3731 quorundam

288 3736 454 3799 instantiis
477 3738 519 3800 ad
532 3737 664 3801 laudem
680 3748 714 3801 et
730 3738 869 3821 gloriam
890 3737 1174 3819 cunctipotentis¹²
1189 3746 1223 3799 et
1238 3736 1335 3800 beate
1350 3736 1487 3817 virginis

290 3824 400 3900 marie,
431 3825 491 3886 et¹³
530 3825 635 3888 sancti
676 3825 796 3907 loseph
824 3824 938 3908 sponsi
964 3825 1024 3900 sui,
1059 3823 1223 3906 beateque
1261 3823 1402 3904 Brigitte
1436 3823 1485 3904 (in

287 3910 379 3973 cuius
404 3911 561 3993 religione
576 3912 742 3995 professor
756 3911 914 3994 indignus
929 3910 1055 3993 existo)
1070 3921 1104 3974 et
1118 3911 1269 3974 omnium
1286 3919 1487 3986 sanctorum,

319 4082 473 4151 ¹Dirigite:
490 4084 532 4148 87,
544 4085 584 4137 88.
626 4088 662 4137 D.
676 4088 729 4137 Iol.
744 4087 761 4140 i.
775 4099 814 4151 23.
925 4084 1008 4136 ²est:
1025 4102 1072 4136 orn.
1086 4084 1126 4135 88.

319 4148 431 4201 'tenter
449 4149 490 4201 88.
924 4148 999 4201 *uer
1016 4150 1057 4213 87,
1070 4150 1111 4200 88.

319 4213 330 4243 ⁵
346 4215 427 4267 adsit:
444 4227 487 4279 97,
498 4229 539 4267 οι.
926 4213 937 4246 ⁰
953 4216 993 4267 Cs.
1008 4217 1097 4266 Imm.
1111 4215 1188 4265 xlviii.
1205 4227 1243 4265 ιο.

319 4279 761 4349 ⁷sapidus287,88;lapidius97,
774 4295 815 4346 01,
826 4282 867 4334 08.
925 4280 1062 4332 ⁸inzom.
1076 4280 1117 4344 87,
1130 4291 1172 4343 97,
1184 4293 1225 4330 01.

318 4343 329 4375 ⁰
344 4347 456 4397 celator:
474 4345 515 4408 87,
528 4346 568 4397 88.
916 4345 935 4378 ¹⁰
951 4347 1088 4400 iaciendis:
1109 4347 1150 4409 87,
1158 4344 1199 4395 88.

318 4408 339 4505 Β
354 4412 479 4542 qpisdamt:
497 4410 537 4540 8887.
558 4477 589 4528 88
920 4412 941 4445 ¹²
956 4411 1135 4478 omnipotentis
1150 4431 1157 4462 ι
1174 4411 1216 4473 87,
1228 4408 1269 4460 88.

405 4494 484 4528 ore:
537 4515 544 4537 ,
591 4515 597 4528 .
