3326 5208
285 444 331 493 190
598 431 721 479 DIREC
724 431 749 478 T
748 430 812 479 ORI
815 431 872 481 UM
903 432 948 480 SA
953 432 1108 481 CERDOT
1108 432 1171 482 UM.

323 592 357 661 (I
382 586 409 648 F
411 586 477 648 eria
494 585 544 648 ‚vi
560 585 603 646 de
619 583 810 666 Epiphania
827 583 974 661 Domini,
991 585 1111 649 festum
1128 585 1311 668 principale
1329 609 1335 648 :
1359 595 1393 648 et
1409 583 1491 649 fiant

279 682 398 736 octaue
414 692 490 735 curn
507 671 668 755 regimine
684 670 783 733 chori.

324 784 540 861 [Sabbato
571 784 614 846 de
643 784 784 846 seruicio
813 793 1017 859 octonarum,
1049 792 1083 847 et
1114 786 1275 848 memoria
1301 787 1344 848 de
1374 794 1491 847 sancta

280 874 395 936 Maria„

359 1036 374 1088 3
458 989 492 1059 «Ι
515 982 694 1046 Dominica
711 983 794 1045 inira
809 992 957 1060 octauas‚
972 983 1016 1046 de
1035 983 1175 1046 seruicio
1199 993 1402 1047 octauarum.
1451 984 1488 1046 ln

281 1036 343 1104 lan·
376 1031 396 1104 ¹]
459 1071 614 1134 laudibus
629 1090 695 1132 vna
711 1070 904 1151 antiphona.
943 1069 1000 1132 Ad
1017 1071 1141 1153 primas
1157 1091 1312 1153 vesperas
1330 1071 1490 1133 memoria

279 1158 321 1220 de
338 1159 550 1239 martyribus¹
568 1166 602 1219 et
617 1158 660 1220 de
676 1169 792 1219 sancta
808 1157 924 1221 Maria.
971 1157 1131 1221 Similiter
1147 1158 1190 1220 ad
1212 1159 1403 1221 matutinas.

322 1275 356 1345 «Ι
380 1270 477 1332 Feria
493 1269 531 1331 ii.
547 1269 598 1332 iii.
615 1268 679 1332 iiii.
695 1278 729 1332 et
745 1290 792 1345 .v.‚
812 1271 855 1332 de
876 1269 1014 1332 seruicio
1038 1279 1243 1347 octauarum,
1269 1279 1302 1332 et
1328 1269 1488 1332 memoria

277 1357 319 1419 de
334 1366 450 1419 sancta
467 1356 583 1420 Maria.
1248 1370 1255 1377 ‘

321 1475 355 1544 (I
379 1470 476 1533 Feria
490 1469 539 1531 .vi.
557 1470 599 1531 de
614 1477 743 1542 octaua,
761 1468 995 1531 Inuitatorium
1013 1469 1145 1551 triplex.
1192 1468 1305 1532 Medie
1328 1470 1488 1531 lectiones

278 1558 321 1620 de
337 1565 453 1619 sancto
465 1555 617 1637 Hylario,
627 1576 701 1618 cum
717 1556 950 1638 Responsoriis
960 1557 1121 1637 deprimo
1133 1568 1304 1618 nocturno,
1339 1555 1487 1638 Vespere

279 1653 375 1707 erunt
391 1644 434 1706 de
456 1652 585 1719 octaua,
602 1652 635 1705 et
663 1644 824 1705 memoria
847 1643 890 1704 de
914 1653 1031 1706 sancta
1052 1643 1180 1705 Maria:
1202 1644 1388 1724 antiphona
1416 1643 1488 1705 Sub

280 1741 372 1792 tuam
394 1778 402 1793 .
425 1729 605 1792 versiculus
622 1728 746 1792 Sancta
761 1729 829 1791 Dei
835 1729 990 1811 genitrix.
1048 1729 1167 1793 Oratio
1182 1729 1274 1792 Deus
1288 1730 1347 1811 qui
1358 1730 1478 1793 salutis

277 1830 338 1880 etc.

321 1934 355 2004 (1
379 1927 539 2007 Sabbato,
554 1932 596 1993 de
611 1937 727 1991 sancta
744 1929 859 1991 Maria„

686 2161 695 2194 ¹
712 2164 738 2215 S.
755 2163 866 2214 Lueiano
877 2163 999 2230 sociisque
1010 2165 1070 2215 eius.
