3316 5220
279 479 330 530 310
606 465 878 516 DIRECTORIUM
909 465 1177 515 SACERDOTUM.

283 630 483 692 sanctorum,
504 618 548 681 ad
563 638 728 701 vesperas,
752 619 894 682 dicatur¹
911 617 1092 682 versiculus
1107 618 1235 681 Panem
1250 619 1290 682 de
1303 619 1374 693 celo,
1390 625 1424 681 et
1447 618 1490 679 ad

286 706 476 783 matutinas,
498 705 679 769 versiculus
693 705 814 768 Posuit
826 705 921 786 fines.
968 705 1026 769 Ad
1046 726 1204 788 vesperas
1227 706 1308 789 (que
1329 714 1426 768 erunt
1448 705 1492 767 de

285 793 428 873 octauis)
445 794 605 856 memoria
620 792 663 855 de
678 803 795 856 sancto
812 791 944 856 Basilio,
990 794 1036 855 Et
1060 792 1233 856 inchoetur
1256 793 1393 855 historia
1415 811 1492 853 cum

287 880 457 958 memoria,
472 880 656 964 antiphona
672 879 814 962 Loquere
828 878 991 943 Domine:
1014 881 1175 943 memoria
1191 881 1234 943 de
1250 880 1438 943 Trinitate:
1462 887 1495 940 et

287 968 454 1050 processio
469 967 536 1031 fiat.

287 1138 378 1207 ΜΗ
409 1134 421 1207 ]
462 1093 497 1163 (Ι
518 1087 711 1151 'Dominica
734 1087 842 1169 prima
864 1095 941 1168 post
951 1087 1073 1151 festum
1097 1087 1222 1152 Sancte
1244 1086 1430 1162 Trinitatis,
1452 1085 1495 1147 de

345 1179 351 1192 '
382 1152 406 1203 4¹
464 1175 593 1237 octauis
610 1173 767 1256 Corporis
784 1173 917 1251 Christi,
931 1184 966 1238 et
982 1175 1144 1238 memoria
1159 1175 1202 1237 de
1221 1184 1339 1237 sancto
1363 1172 1495 1236 Basilio

289 1260 445 1322 Tercium
469 1262 745 1343 Responsorium8
771 1281 792 1322 a
817 1259 948 1324 duobus
972 1271 1134 1325 cantetur.
1182 1263 1222 1324 In
1248 1260 1402 1325 laudibus
1429 1279 1496 1322 vna

289 1348 483 1430 antiphona,
506 1358 540 1411 et
564 1356 631 1411 tres
655 1349 822 1411 memorie.
880 1348 937 1411 Ad
964 1349 1117 1432 primam,
1142 1349 1328 1431 antiphona
1351 1346 1394 1409 Te
1416 1347 1495 1409 iure.

291 1434 397 1497 Missa
412 1434 620 1499 dominicalis
636 1436 669 1498 in
686 1435 831 1518 capitulo
846 1435 983 1511 dicatur,
994 1455 1069 1498 curn
1086 1437 1247 1499 memoria
1261 1437 1305 1499 de
1321 1435 1496 1498 Trinitate.

293 1523 332 1585 In
355 1542 488 1585 summa
511 1523 621 1600 missa,
645 1522 806 1586 memoria
828 1522 872 1585 de
889 1526 1030 1600 sancto:
1046 1533 1081 1586 et
1102 1524 1146 1586 de
1164 1522 1331 1587 Omnibus
1355 1520 1500 1595 Sanctis,

289 1618 432 1675 tantum.

333 1721 488 1798 [Faria
517 1722 557 1786 ‚ii
587 1722 631 1785 de
667 1721 831 1785 octauist⁵
869 1732 935 1785 tres
972 1721 1154 1786 lectiones:
1191 1731 1226 1785 et
1264 1720 1427 1784 memoria
1457 1717 1500 1782 de

290 1808 512 1890 martyribus⁰

331 1926 366 1996 (Ι
388 1920 486 2003 Feria
500 1921 551 1984 iii.
567 1922 610 1983 de
625 1930 742 1983 sancto
758 1919 924 1984 Ricardo:
945 1919 989 1984 ix.
1005 1920 1184 1984 lectiones:
1209 1920 1323 1986 Medic
1338 1919 1502 1983 lectiones

291 2007 333 2070 de
351 2008 572 2090 martyribus,⁷
589 2017 622 2071 et
639 2008 799 2070 memoria
814 2009 858 2071 de
872 2007 1009 2071 octauis.

333 2133 368 2203 (Ι
391 2127 487 2191 Feria
522 2127 584 2191 ‚iiii
622 2129 665 2191 de
702 2128 866 2190 octauisz⁶
903 2127 1083 2191 versiculus
1107 2137 1155 2201 ¹et
1193 2126 1422 2209 Responsoria
1459 2126 1503 2188 de

291 2216 438 2279 secundo
463 2225 633 2279 nocturno
679 2214 737 2278 Ad
762 2235 928 2298 vesperas,
952 2215 1012 2278 hec
1035 2215 1108 2278 sola
1123 2215 1309 2297 antiphona
1332 2213 1502 2288 Sacerdos,

291 2301 441 2384 psalmus
471 2301 572 2365 Dixit
600 2301 773 2377 Dominur,
802 2312 837 2365 et
870 2312 980 2365 cetera
1016 2302 1131 2366 omnia
1167 2302 1254 2365 sicut
1291 2303 1333 2365 ad
1373 2302 1502 2384 primas

292 2409 447 2472 vesperas
463 2389 559 2452 sesti:
583 2389 743 2453 memoria
759 2389 801 2451 de
811 2389 956 2452 sanctis⁸

334 2515 369 2585 (Ι
393 2509 489 2572 Feria
515 2531 551 2573 .v.
582 2510 626 2572 de
649 2510 791 2586 octaua,⁶
820 2509 1055 2572 Inuitatorium
1087 2509 1234 2592 triplex:
1258 2509 1303 2572 ix.
1331 2506 1502 2572 lectiones.

294 2597 408 2660 Medie
431 2597 589 2660 lectiones
612 2596 656 2660 de
679 2595 913 2678 martyribus⁸:
944 2596 1125 2660 versiculus
1148 2606 1182 2659 et
1206 2595 1437 2678 Responsoria
1460 2594 1503 2658 de

292 2684 440 2747 secundo
456 2694 626 2757 nocturno,
643 2704 719 2746 cum
737 2684 964 2766 Responsorio
979 2682 1050 2746 Hac
1063 2693 1111 2746 est
1124 2686 1224 2746 vera.⁹
1263 2682 1320 2746 Ad
1335 2682 1503 2745 secundas

293 2790 458 2854 vesperas
504 2770 690 2853 antiphona
726 2770 927 2853 Sapientia:
975 2771 1123 2854 psalmus
1169 2770 1271 2833 Dicit
1312 2769 1503 2833 Dominus:

295 2858 455 2940 Hymnus
480 2858 596 2921 Sacris
616 2857 792 2921 solenniis:
815 2857 997 2922 versiculus
1019 2858 1148 2921 Panem
1171 2857 1210 2920 de
1230 2857 1314 2920 celo:
1336 2857 1502 2920 memoria

295 2947 338 3008 de
353 2945 439 3009 sesto
455 2944 519 3008 loci
535 2968 542 3007 :
565 2946 657 3009 etde
673 2945 911 3026 martyribus.¹⁰

337 3071 371 3141 (Ι
394 3064 491 3129 Feria
505 3065 553 3129 .vi.
570 3064 612 3128 de
628 3064 714 3128 festo
730 3064 794 3128 loci
806 3088 814 3127 z
838 3073 871 3128 et
887 3065 1018 3129 dicatur
1034 3064 1184 3147 psalmus
1199 3063 1263 3127 Ad
1272 3074 1303 3128 te
1315 3062 1438 3129 kuaui.

337 3192 371 3263 (Ι
394 3185 555 3262 Sabbato,
570 3185 612 3247 de
629 3194 746 3248 sancta
762 3185 881 3260 Maria,
895 3195 931 3249 et
947 3186 1108 3248 memoria
1124 3184 1167 3248 de
1189 3195 1306 3248 sancto
1326 3184 1503 3248 Edwardo.

297 3274 352 3337 Ad
368 3293 532 3355 vesperas
548 3273 710 3335 memoria
725 3273 768 3335 de
783 3273 959 3350 Trinitate,
974 3283 1009 3336 et
1024 3273 1192 3356 processio
1208 3271 1274 3337 fiat

470 3398 504 3469 (Ι
527 3392 780 3456 ¹¹Dominicaii.
791 3392 1088 3474 postTrinitatem,
1101 3393 1144 3456 de
1153 3390 1504 3456 seruiciodominicali

292 3445 308 3513 J
312 3461 356 3499 un.
371 3440 425 3513 π’]
473 3481 512 3543 ln
529 3479 691 3555 laudibus,
703 3500 770 3542 vna
784 3479 978 3561 antiphona

327 3666 458 3718 ¹dicitur:
476 3667 516 3716 88.

326 3731 404 3795 ²⁴¹st
422 3733 555 3782 Dominica
577 3732 658 3799 prima
686 3742 742 3798 post
765 3732 855 3782 festum
877 3740 963 3782 sancte
991 3732 1121 3782 Trinitatis
1148 3731 1278 3782 inchoetur
1304 3731 1409 3782 historia
1432 3732 1502 3781 Deus

391 3800 515 3857 omnium,
529 3811 554 3847 et
565 3797 647 3848 medie
659 3797 782 3873 lecciones
792 3799 825 3847 de
836 3798 947 3862 Corpore
958 3797 1060 3873 Christi,
1070 3809 1096 3848 et
1113 3797 1233 3847 memoria
1249 3798 1282 3848 de
1292 3806 1380 3848 sancto
1397 3797 1501 3855 Basilio,

360 3862 1010 3993 all?llffiidhhfllfflltlsttllilff·

360 3994 389 4045 Si
405 3994 497 4069 luerint
512 3994 538 4108 ip
555 3993 790 4081 comemoraciones,
804 3994 830 4043 in
849 3995 883 4058 vj.
898 3993 959 4043 seria
971 3993 1014 4042 fiat
1030 4010 1079 4042 vna
1095 3992 1277 4043 comemoracio
1292 4001 1317 4043 et
1334 3993 1456 4044 memoria
1471 3991 1502 4041 de

426 4068 520 4109 martin
538 4058 593 4109 us’
627 4070 666 4120 77.

326 4123 484 4175 ³“Sextum
497 4123 547 4174 R.”
580 4124 758 4189 Portis.1557.
952 4123 1006 4174 ⁴8.
1027 4123 1128 4173 Basilio.

328 4189 339 4220 ⁶
355 4190 473 4255 Corporis
485 4189 586 4240 Christi.
954 4186 966 4218 ⁸
982 4189 1028 4239 SS.
1043 4190 1103 4238 Vito
1113 4199 1139 4239 et
1151 4188 1277 4239 Modesto.

328 4256 338 4288 ⁷
355 4255 401 4306 SS.
416 4255 500 4306 Cirico
511 4265 535 4304 et
548 4254 640 4304 lulitta
953 4252 964 4283 ⁸
980 4254 1027 4305 SS.
1042 4255 1131 4304 Marco
1142 4264 1167 4304 et
1179 4253 1352 4304 Marcelliano.

326 4319 338 4351 ⁹
355 4322 419 4383 ola.
456 4321 531 4369 Brea.
548 4320 620 4383 1516,
635 4330 714 4383 1531:
731 4319 797 4382 6R'.
834 4321 924 4384 J’orn'j.
941 4331 1011 4384 1519·

328 4384 349 4416 ¹⁰
366 4386 412 4436 SS.
427 4385 548 4435 Gervasio
559 4394 584 4434 et
597 4385 717 4435 Protasio.

328 4449 348 4481 ¹¹
368 4454 416 4512 “([
434 4450 568 4500 Dominica
579 4450 604 4514 ij.
619 4460 672 4500 tota
682 4460 795 4500 cantetur
807 4449 916 4500 historia.

363 4515 435 4566 Faria
446 4533 470 4565 v.
484 4517 531 4578 [et]
542 4516 648 4565 sabbato
658 4515 691 4565 de
702 4514 985 4565 comemoracionibus.’'
1019 4527 1058 4577 77.
