3316 5220
521 453 714 515 QUARTUM
727 454 763 503 D.
798 454 864 502 xvii.
879 454 916 503 ix.
930 453 967 502 oi.
982 455 1001 501 i.
1315 461 1365 516 305

147 708 330 779 utrumque
345 695 601 778 completorium
618 696 652 757 in
669 692 733 756 fine
749 694 867 776 hymni
889 694 1136 757 diciturversus
1148 692 1282 775 (Gloria
1293 692 1364 767 tibi,

152 785 302 861 Domine,
316 783 377 865 qui
389 792 488 845 notus
501 803 535 845 es
548 782 588 844 dc
602 781 753 862 virgine).

197 919 292 1004 [oi]
335 925 370 995 (Ι
393 919 491 982 Feria
506 919 556 994 ii,
571 927 606 982 et
621 918 737 980 ceteris
761 917 859 993 seriis,
881 918 925 980 de
941 916 1072 980 ieiunio.
1119 917 1164 981 Et
1181 917 1268 980 in.v.
1285 916 1367 997 feria

153 1010 276 1072 dicitur
291 1007 555 1089 Responsorium
572 1005 693 1069 feriale.

331 1148 365 1219 (Ι
389 1141 569 1204 Dominica
592 1141 625 1203 in
650 1141 810 1203 Passione
833 1140 983 1215 Domini,
999 1148 1108 1204 totum
1124 1142 1167 1204 de
1187 1140 1366 1203 dominica.

151 1196 228 1251 Μαι
243 1191 298 1264 ²9’]
333 1230 472 1294 Festum
481 1229 590 1292 sancti
601 1228 735 1292 Ricardi
746 1227 931 1291 differatur¹
942 1247 1048 1309 usque
1057 1228 1100 1290 ad
1111 1227 1365 1291 translationem

154 1317 248 1380 eius?

197 1442 232 1512 (Ι
256 1436 354 1500 Feria
369 1436 409 1500 ii.
432 1436 486 1499 ,iii
509 1436 573 1498 iiii.
590 1456 628 1498 .v.
644 1443 679 1497 et
697 1434 746 1498 .vi.
763 1435 807 1497 de
822 1434 954 1498 ieiunio
1002 1435 1040 1497 In
1056 1435 1123 1498 iiii.
1139 1433 1229 1511 seria,
1244 1434 1367 1498 dicitur

147 1533 313 1587 octauum
332 1523 595 1606 Responsorium
612 1520 758 1596 historie,
773 1541 850 1584 cum
866 1522 998 1585 duobus
1014 1521 1191 1586 ferialibus.

200 1658 421 1735 [Sabbata
463 1659 507 1721 de
548 1666 665 1721 sancto
710 1656 901 1733 Ambrosio,
940 1658 1188 1722 Inuitatorium⁸
1228 1657 1367 1741 duplex.

151 1744 312 1811 ‘Secunde
327 1766 465 1828 vespere
479 1754 576 1808 erunt
590 1745 634 1808 de
649 1744 828 1822 dominica,
843 1754 877 1808 et
893 1746 1054 1808 memoria
1068 1745 1112 1808 de
1128 1745 1222 1810 sesto

150 1896 225 1966 Apr.
241 1890 277 1963 5.]
332 1888 367 1958 (Ι
390 1883 571 1946 Dominica
587 1882 621 1944 in
637 1881 738 1945 ramis
755 1881 955 1960 Palmarum,
970 1890 1080 1945 totum
1096 1883 1139 1945 de
1154 1881 1332 1946 dominica

202 2028 236 2097 (Ι
260 2021 289 2083 F
290 2021 358 2083 cria
373 2020 424 2096 .ii.,
439 2028 474 2083 et
495 2019 613 2082 ceteris
630 2016 718 2080 seriis
732 2037 793 2101 per
807 2017 1065 2093 hebdomadam,
1081 2021 1124 2083 de
1140 2019 1270 2082 ieiunio.

203 2165 237 2236 (Ι
261 2158 358 2221 Feria
367 2157 421 2219 .iii.
431 2156 589 2219 dicuntur
599 2153 755 2236 Exequie
768 2155 989 2231 Mortuorum,
1002 2176 1079 2220 cum
1092 2157 1146 2219 ix.
1159 2155 1369 2225 lectionibus.

159 2256 195 2309 et
232 2247 334 2308 missa
371 2245 404 2306 in
439 2242 592 2306 crastino.
654 2242 823 2325 Deinceps
861 2262 928 2306 non
967 2243 1136 2307 dicuntur*
1172 2243 1369 2325 quotidiano

156 2333 318 2415 Exequie
332 2332 365 2393 in
382 2338 559 2407 conuentu,
575 2348 678 2411 vsque
695 2339 770 2412 post
786 2328 892 2412 (Deus
906 2331 1076 2411 omnium).

202 2475 237 2545 (Ι
260 2467 412 2534 Sabbato
430 2477 558 2543 sanct0,
581 2466 615 2528 in
639 2464 753 2548 vigilia
778 2466 890 2544 Pasce,
915 2467 1045 2549 legatur
1062 2467 1274 2549 euangelium
1291 2487 1368 2530 cum

151 2558 263 2621 cereis
278 2554 446 2619 extinctis.

337 2697 371 2768 (Ι
393 2690 474 2753 mie
485 2690 596 2767 Pasce,
608 2700 642 2753 et
655 2709 714 2771 per
723 2688 982 2767 hebdomadam,
992 2701 1101 2754 totum
1114 2692 1157 2754 de
1166 2690 1368 2754 solennitate

152 2746 229 2813 ,Apu
246 2740 299 2813 ¹²⁸]
340 2778 423 2841 festi.
469 2776 576 2839 “Nihil
592 2778 635 2841 de
652 2776 853 2858 martyribus
868 2777 1028 2841 Tiburcio
1044 2789 1078 2841 et
1093 2777 1297 2841 Valerian0.⁰

204 2921 239 2991 (Ι
263 2915 302 2978 In
318 2913 504 2987 dominicis,
520 2933 624 2996 vsque
635 2913 679 2976 ad
693 2912 936 2977 Ascensionem
947 2915 1097 2990 Domini,
1112 2916 1156 2979 de
1167 2935 1368 2997 quocunque

158 3001 200 3067 fit
224 3002 412 3078 seruicium,
435 2999 494 3064 fiat
517 3000 665 3064 solennis
697 3001 858 3064 memoria
884 3000 927 3064 de
950 3001 1128 3078 dominica,
1149 3003 1192 3066 ad
1211 3012 1369 3085 utrasque

155 3109 327 3172 vesperae,
342 3090 388 3151 et'
406 3088 597 3163 matutinas,
612 3089 672 3150 sed
688 3107 862 3171 nunquam
877 3090 921 3152 ad
939 3089 1084 3154 missam.

204 3232 239 3302 (Ι
263 3225 431 3289 Omnibus
460 3223 553 3287 sestis
583 3243 659 3287 cum
691 3224 853 3305 regimine
882 3223 982 3303 chori,
1012 3246 1117 3309 vsque
1146 3225 1190 3289 ad
1221 3227 1369 3309 vigiliam

154 3312 390 3389 AscensioniS,
420 3309 478 3374 fiat
511 3311 657 3374 solennis
688 3312 849 3374 memoria
879 3312 923 3374 de
949 3313 1197 3391 resurrectione,
1228 3314 1302 3377 Nisi
1334 3317 1367 3377 in

163 3399 363 3464 quentione
379 3398 504 3463 Sancte
521 3397 648 3474 Crucis,
670 3408 704 3461 et
721 3399 753 3460 in
773 3399 923 3462 sabbatis
938 3399 981 3462 ad
997 3420 1161 3484 vesperas.
1207 3401 1370 3465 Benedic-

153 3488 270 3552 tiones
286 3485 417 3549 feriales
433 3505 500 3548 non
516 3485 683 3548 dicuntur*
698 3504 803 3567 vsque
819 3495 896 3569 post
920 3486 1026 3569 (Deus
1039 3488 1209 3570 omnium).

338 3621 576 3699 [Dominica
607 3619 664 3703 (In
696 3620 804 3703 albis),
827 3622 934 3705 prima
957 3632 1034 3706 post
1056 3623 1170 3702 Pasca,
1190 3633 1300 3688 totum
1326 3626 1371 3688 de

156 3676 230 3745 Apr.
246 3670 300 3743 ¹⁹]
339 3709 517 3786 dominica,
548 3718 583 3771 et
613 3708 775 3771 memoria
804 3708 848 3772 de
877 3710 1123 3788 resurrectione,
1150 3731 1227 3776 cum
1258 3712 1370 3776 missa

191 4067 203 4099 ¹
219 4067 348 4119 differtur:
365 4067 406 4129 87.
807 4064 890 4132 ’Jun
904 4068 953 4118 xvi.

194 4132 206 4164 ³
223 4134 345 4183 Inferius:
363 4134 404 4195 87,
423 4132 463 4182 88.
808 4131 819 4162 ⁴
834 4132 965 4183 dicantur:
983 4132 1024 4183 88.

193 4198 205 4230 ⁸
224 4202 272 4262 “1
290 4200 320 4249 ln
337 4199 378 4248 die
396 4200 487 4263 pasche
509 4206 535 4247 et
557 4213 601 4263 per
617 4196 783 4247 ebdomadam
801 4207 881 4248 totum
899 4199 941 4248 fiat
958 4199 990 4249 de
1007 4200 1070 4249 sesto
1086 4209 1111 4250 et
1128 4199 1205 4251 nichil
1221 4201 1254 4252 de
1274 4202 1369 4253 sanctis

293 4264 412 4314 Tiburcio
422 4272 447 4313 et
458 4262 600 4313 Valeriano.
605 4262 620 4285 '³

229 4330 402 4393 (Dominicis
421 4328 447 4378 in
466 4328 516 4378 oct'
536 4329 652 4393 pasche.
672 4338 753 4377 totum
773 4328 816 4378 fiat
833 4329 865 4378 de
887 4339 936 4378 oct.
964 4338 990 4379 et
1008 4330 1119 4380 solennis
1138 4331 1258 4382 memoria
1275 4332 1308 4383 de
1328 4349 1365 4383 re·

292 4395 449 4445 surreccione
460 4431 467 4443 .
481 4394 545 4444 nihil
557 4394 599 4444 fiet
609 4394 641 4443 de
652 4405 739 4443 sancto
750 4394 900 4459 Al[phogo.]

186 4523 206 4556 ἦ
229 4460 303 4575 lieux!
313 4460 431 4587 ijg⁷vjhgie
443 4459 512 4510 feria.
526 4458 682 4525 responsoria
693 4458 724 4508 de
736 4458 761 4524 ij.
775 4458 1049 4586 ⁶t⁷iiidffriifisirteit⁷uy
1072 4525 1104 4575 88

250 4605 334 4657 Pica
356 4605 494 4657 SARUM.
1256 4608 1282 4658 Χ
