3330 5218
281 452 316 516 76
620 452 897 503 DIREOTORIUM
912 452 1179 503 SACERDOTUM.

322 658 331 710 l
460 605 695 681 &Dominica
730 607 782 668 ,vl
812 604 855 668 de
893 604 1049 688 reliquiis,
1088 606 1195 668 maius
1224 604 1373 687 duplex;
1410 625 1487 669 cum

284 653 401 728 Juy,9.]
461 691 590 755 solenni
613 693 774 755 memoria
797 692 839 755 de
863 694 999 768 octauo,
1023 712 1101 756 cum
1125 693 1187 754 hac
1212 693 1399 774 antiphona
1422 693 1488 755 Re·

283 778 429 860 demptor
442 800 500 842 rex
513 789 548 843 et
563 789 680 843 cetera
726 778 784 842 Ad
800 780 965 843 secundas
979 782 1147 862 vesperas²
1163 779 1309 842 solennis
1325 781 1488 842 memoria

285 864 328 928 de
342 864 475 929 octaua³
489 886 565 930 cum
578 867 763 949 antiphona
774 865 916 929 Exultat
924 867 1038 950 virgo,⁴
1048 867 1210 930 memoria
1220 867 1264 929 de
1274 866 1489 949 martyribus⁸

283 952 448 1035 priuatim.

326 1078 361 1149 (Ι
384 1074 480 1136 Feria
491 1073 531 1136 .ii.
546 1074 589 1136 de
604 1073 828 1155 martyribus.⁵
868 1074 1102 1138 Inuitatorium
1115 1073 1252 1156 duplex,
1263 1074 1317 1137 .iii.
1328 1072 1489 1137 lectiones

283 1179 362 1223 cum
379 1160 605 1243 Responsorio
620 1160 691 1223 Hec
704 1169 753 1222 est
765 1162 866 1224 vem}

328 1286 363 1357 (Ι
386 1282 483 1344 Feria
498 1281 549 1345 .iii.
564 1282 607 1344 de
622 1290 740 1344 sancto
764 1281 955 1346 Benedicto.
1005 1281 1239 1345 Inuitatorium
1264 1281 1399 1365 triplex,
1419 1290 1488 1344 tres

284 1367 443 1432 lectiones
458 1378 599 1444 tanturn,
619 1369 781 1431 memoria
796 1369 840 1431 de
855 1368 1010 1451 reliquiis.

327 1495 361 1566 (Ι
384 1490 481 1552 Feria
502 1489 565 1553 iiii.
588 1490 631 1552 de
654 1489 750 1552 feriis.
797 1489 1022 1573 Responsoria
1044 1489 1086 1553 de
1108 1489 1217 1572 primo
1240 1496 1412 1567 nocturno,
1427 1487 1487 1551 sed

284 1576 413 1640 nullum
431 1575 550 1671 feriale.
598 1576 702 1639 Missa
718 1576 935 1640 dominicalis.

327 1702 361 1773 (Ι
385 1698 482 1761 Feria
496 1719 533 1763 .v.
549 1698 592 1760 de
608 1697 694 1761 festo
709 1697 780 1761 loci.

328 1819 483 1894 (IFeria
506 1819 556 1882 .vi.
585 1819 626 1882 de
651 1828 767 1882 sancta
799 1817 915 1881 Maria.
972 1818 1040 1881 Vbi
1071 1816 1156 1881 fiunt
1186 1829 1253 1881 tres
1284 1837 1488 1880 commemo-

285 1906 439 1981 rationes
470 1906 503 1967 in
533 1906 597 1968 iiii.
632 1904 712 1969 feria
750 1904 819 1968 fiet'
856 1926 922 1968 vna
959 1905 1242 1969 commemoratio,
1304 1905 1349 1967 Et
1387 1904 1490 1967 missa

283 1991 494 2056 dominicalis
511 1993 544 2055 in
565 1992 615 2055 iii.
636 1991 717 2055 seria
740 1992 860 2056 dicitur
881 2012 942 2074 pro
965 2012 1096 2055 summa
1120 1993 1229 2069 missa,
1255 1991 1303 2055 et⁸
1328 1991 1491 2053 memoria

284 2080 327 2143 de
344 2079 429 2143 festo
444 2089 478 2143 et
493 2081 536 2141 de
552 2079 704 2162 reliquiis.

330 2199 391 2282 [(Ι]
415 2199 566 2264 Sabbato
582 2200 624 2262 de
640 2210 756 2263 sancto
773 2198 956 2274 Swithun0,
973 2200 1027 2262 ix.
1046 2198 1212 2262 lectiones,
1258 2198 1317 2261 Ad
1333 2217 1490 2280 vesperas

287 2287 330 2350 de
353 2295 469 2349 sancto
496 2286 674 2350 Osmundo
698 2285 812 2349 omnia
838 2287 881 2350 de
907 2287 1077 2349 communi
1101 2287 1197 2349 vnius
1228 2284 1426 2349 confessoris
1457 2294 1492 2348 et

287 2372 463 2457 pontificis,
494 2374 654 2437 memoria
685 2375 728 2437 de
758 2372 851 2448 sesto,
883 2374 926 2436 de
956 2372 1112 2455 reliquiis,
1141 2372 1184 2435 de
1215 2372 1384 2436 dominica
1414 2392 1491 2435 cum

287 2461 472 2542 antiphona
495 2460 627 2524 Montes
655 2460 775 2536 Gelboe,
799 2462 843 2523 de
869 2460 1044 2540 Trinitate,
1070 2481 1145 2524 cum
1172 2460 1385 2542 processione
1411 2468 1492 2521 ante

286 2567 427 2611 crucem.

463 2672 498 2742 (Ι
520 2666 700 2731 Dominica
723 2667 771 2730 .vi.
795 2667 837 2729 de
860 2676 977 2729 sancto
999 2666 1186 2746 Osmundo,
1202 2658 1441 2744 .ix.'lectiones,
1457 2674 1492 2728 et

464 2754 626 2817 memoria
642 2755 684 2818 de
700 2754 889 2832 dominica,l
910 2755 953 2817 de
969 2754 1142 2818 Trinitate.

285 2955 297 3020 l
330 2870 485 2971 (lFeria
511 2870 551 2934 .ii.
576 2872 618 2933 de
643 2882 761 2934 sancto
792 2871 968 2934 Kenelmo.
1015 2870 1250 2934 Inuitatorium
1275 2870 1413 2953 duplex,
1438 2867 1492 2931 iii.

298 2967 453 3022 ectrones.

285 2718 351 2787 July
366 2715 418 2788 16·]

329 3083 364 3153 (Ι
386 3078 484 3140 Feria
499 3078 550 3142 iii.
566 3078 610 3141 de
624 3077 710 3141 sesto
725 3078 795 3141 loci.

329 3326 364 3397 (Ι
387 3320 484 3384 Feria
499 3342 536 3383 .v.
553 3321 596 3383 de
610 3333 727 3384 sancta
743 3319 942 3402 Margareta,
958 3319 1012 3383 ix.
1029 3320 1196 3383 lectiones.
1227 3368 1230 3373 ,

287 3526 298 3590 l
329 3446 363 3517 (Ι
386 3439 483 3503 Feria
509 3440 558 3505 .νί.
583 3440 627 3505 de
651 3449 767 3503 sancta
794 3440 956 3518 Praxede,
982 3440 1217 3503 Inuitatorium
1243 3436 1399 3520 simplex,
1425 3446 1493 3500 tres

300 3539 455 3591 ectrones.

330 3645 364 3716 (Ι
387 3638 548 3717 Sabbat0,
557 3639 600 3703 de
615 3649 732 3703 sancta
748 3640 857 3702 Maria
873 3638 1084 3721 Magdalena.
1125 3637 1359 3701 Inuitatorium
1370 3635 1493 3718 triplex

286 3735 321 3790 et
344 3726 505 3790 memoria
527 3727 570 3790 de
594 3726 751 3790 abbate.¹⁰
794 3726 863 3790 Vbi
890 3723 974 3789 fiunt
998 3736 1064 3788 tres
1089 3725 1435 3801 commemorationes,
1459 3724 1493 3787 in

320 3978 332 4075 ξ
347 3978 615 4110 liltlplilltaggmemoria
626 4045 658 4094 de
670 4045 797 4096 dominica
808 4046 855 4096 sub
866 4045 967 4096 silentio
978 4045 1088 4096 deinde:
1106 4045 1162 4094 add.
1176 4055 1217 4107 97,
1230 4057 1271 4095 01.

320 4109 331 4140 ³
346 4109 459 4160 octabis:
478 4109 527 4171 87;
545 4122 594 4161 oct.
614 4110 654 4160 88.

320 4174 332 4206 ⁴
348 4184 388 4225 et:
405 4176 462 4224 add.
477 4174 519 4237 87,
536 4174 583 4236 88,
601 4176 665 4225 nihil
681 4177 713 4226 de
730 4177 880 4241 martyribus
896 4176 929 4226 ad
946 4177 993 4226 has
1012 4192 1127 4242 vesperas
1147 4177 1176 4225 ἐκ
1190 4176 1261 4240 place
1279 4174 1311 4239 of
1324 4174 1446 4224 memoria
1463 4175 1496 4223 de

321 4368 332 4401 ⁶
349 4373 381 4421 R.
389 4322 569 4422 'Hecpaestoern
606 4372 646 4423 Cs.
655 4344 735 4422 ’Brenn
750 4374 808 4422 Sar.
824 4371 858 4422 iii.
872 4372 940 4434 4663
958 4371 983 4421 ii.
997 4384 1088 4434 402-3‚
1101 4370 1190 4420 rubrio.

321 4435 332 4468 ⁷
349 4437 409 4486 fiat:
428 4436 468 4497 87,
482 4436 521 4487 88.
762 4486 765 4491 ,
987 4434 998 4467 ⁸
1014 4436 1123 4499 cumsor
1132 4445 1174 4485 et:
1193 4434 1234 4497 87,
1247 4434 1287 4485 88.

321 4500 333 4533 ⁹
349 4501 484 4551 Dominica
495 4512 538 4552 et:
556 4502 596 4563 87,
614 4502 653 4551 88.
989 4500 1009 4532 ¹⁰
1026 4503 1052 4552 S.
1067 4501 1265 4567 Wandragesilo.
