<?xml version="1.0" encoding="UTF-8"?>
<!DOCTYPE html PUBLIC "-//W3C//DTD XHTML 1.0 Transitional//EN"
    "http://www.w3.org/TR/xhtml1/DTD/xhtml1-transitional.dtd">
<html xmlns="http://www.w3.org/1999/xhtml" xml:lang="en" lang="en">
 <head>
  <title>
</title>
<meta http-equiv="Content-Type" content="text/html;charset=utf-8" />
  <meta name='ocr-system' content='tesseract 3.04.00' />
  <meta name='ocr-capabilities' content='ocr_page ocr_carea ocr_par ocr_line ocrx_word'/>
</head>
<body>
  <div class='ocr_page' id='page_1' title='image "./ordinalesarvmsi00cathgoog/ordinalesarvmsi00cathgoog_0072.png"; bbox 0 0 3310 5206; ppageno 0'>
   <div class='ocr_carea' id='block_1_1' title="bbox 525 437 1387 495">
    <p class='ocr_par' dir='ltr' id='par_1_1' title="bbox 525 437 1387 495">
     <span class='ocr_line' id='line_1_1' title="bbox 525 437 1387 495; baseline -0.007 -7"><span class='ocrx_word' id='word_1_1' title='bbox 525 437 687 488; x_wconf 76' lang='lat' dir='ltr'><em>PRIMUM</em></span> <span class='ocrx_word' id='word_1_2' title='bbox 702 438 737 487; x_wconf 79' lang='lat' dir='ltr'>A.</span> <span class='ocrx_word' id='word_1_3' title='bbox 786 437 842 487; x_wconf 67' lang='lat' dir='ltr'>xvi.</span> <span class='ocrx_word' id='word_1_4' title='bbox 859 437 919 485; x_wconf 68' lang='lat' dir='ltr'>xor.</span> <span class='ocrx_word' id='word_1_5' title='bbox 939 452 964 486; x_wconf 76' lang='lat' dir='ltr'>v.</span> <span class='ocrx_word' id='word_1_6' title='bbox 984 437 1013 485; x_wconf 73' lang='lat' dir='ltr'>o.</span> <span class='ocrx_word' id='word_1_7' title='bbox 1355 445 1387 495; x_wconf 85' lang='lat'>31</span> 
     </span>
    </p>
   </div>
   <div class='ocr_carea' id='block_1_2' title="bbox 175 585 1385 1019">
    <p class='ocr_par' dir='ltr' id='par_1_2' title="bbox 175 585 1385 1019">
     <span class='ocr_line' id='line_1_2' title="bbox 264 585 1383 741; baseline -0.004 -0.365"><span class='ocrx_word' id='word_1_8' title='bbox 264 637 300 711; x_wconf 58' lang='lat' dir='ltr'>a</span> <span class='ocrx_word' id='word_1_9' title='bbox 355 590 592 740; x_wconf 67' lang='lat' dir='ltr'>rD-vv</span> <span class='ocrx_word' id='word_1_10' title='bbox 616 590 648 741; x_wconf 72' lang='lat' dir='ltr'>l</span> <span class='ocrx_word' id='word_1_11' title='bbox 672 589 1230 740; x_wconf 53' lang='lat' dir='ltr'>rorerecurrunt</span> <span class='ocrx_word' id='word_1_12' title='bbox 1243 585 1383 738; x_wconf 62' lang='lat' dir='ltr'>lul}</span> 
     </span>
     <span class='ocr_line' id='line_1_3' title="bbox 175 694 1382 846; baseline -0.003 -20"><span class='ocrx_word' id='word_1_13' title='bbox 175 763 307 846; x_wconf 82' lang='lat' dir='ltr'>virgine</span> <span class='ocrx_word' id='word_1_14' title='bbox 343 698 581 846; x_wconf 45' lang='lat' dir='ltr'>etonrlllrlllplrlell</span> <span class='ocrx_word' id='word_1_15' title='bbox 612 698 812 845; x_wconf 57' lang='lat' dir='ltr'>anetipllonav</span> <span class='ocrx_word' id='word_1_16' title='bbox 832 698 904 827; x_wconf 59' lang='lat' dir='ltr'>illc</span> <span class='ocrx_word' id='word_1_17' title='bbox 938 772 987 826; x_wconf 81' lang='lat' dir='ltr'>est</span> <span class='ocrx_word' id='word_1_18' title='bbox 1021 763 1123 844; x_wconf 83' lang='lat' dir='ltr'>virgo.</span> <span class='ocrx_word' id='word_1_19' title='bbox 1189 694 1382 843; x_wconf 51' lang='lat' dir='ltr'>Capitlrlum</span> 
     </span>
     <span class='ocr_line' id='line_1_4' title="bbox 179 847 1385 930; baseline -0.006 -15"><span class='ocrx_word' id='word_1_20' title='bbox 179 848 379 930; x_wconf 59' lang='lat' dir='ltr'>confitebor?</span> <span class='ocrx_word' id='word_1_21' title='bbox 394 859 429 915; x_wconf 92' lang='lat' dir='ltr'>et</span> <span class='ocrx_word' id='word_1_22' title='bbox 451 851 611 915; x_wconf 86' lang='lat' dir='ltr'>memoria</span> <span class='ocrx_word' id='word_1_23' title='bbox 625 851 668 915; x_wconf 89' lang='lat' dir='ltr'>de</span> <span class='ocrx_word' id='word_1_24' title='bbox 684 849 770 914; x_wconf 83' lang='lat' dir='ltr'>festo</span> <span class='ocrx_word' id='word_1_25' title='bbox 793 860 983 914; x_wconf 89' lang='lat' dir='ltr'>sanctorum</span> <span class='ocrx_word' id='word_1_26' title='bbox 1000 849 1142 913; x_wconf 89' lang='lat' dir='ltr'>Vedasti</span> <span class='ocrx_word' id='word_1_27' title='bbox 1165 858 1200 913; x_wconf 88' lang='lat' dir='ltr'>et</span> <span class='ocrx_word' id='word_1_28' title='bbox 1223 847 1385 912; x_wconf 83' lang='lat' dir='ltr'>Amandi.</span> 
     </span>
     <span class='ocr_line' id='line_1_5' title="bbox 177 936 1015 1019; baseline 0.001 -21"><span class='ocrx_word' id='word_1_29' title='bbox 177 937 410 1019; x_wconf 89' lang='lat' dir='ltr'>episcoporum</span> <span class='ocrx_word' id='word_1_30' title='bbox 426 948 460 1001; x_wconf 90' lang='lat' dir='ltr'>et</span> <span class='ocrx_word' id='word_1_31' title='bbox 476 938 713 1014; x_wconf 84' lang='lat' dir='ltr'>consessorum,</span> <span class='ocrx_word' id='word_1_32' title='bbox 729 950 764 1001; x_wconf 90' lang='lat' dir='ltr'>et</span> <span class='ocrx_word' id='word_1_33' title='bbox 779 939 823 1002; x_wconf 86' lang='lat' dir='ltr'>de</span> <span class='ocrx_word' id='word_1_34' title='bbox 837 936 1015 1001; x_wconf 85' lang='lat' dir='ltr'>dominica</span> 
     </span>
    </p>
   </div>
   <div class='ocr_carea' id='block_1_3' title="bbox 176 1059 1386 1319">
    <p class='ocr_par' dir='ltr' id='par_1_3' title="bbox 176 1059 1386 1319">
     <span class='ocr_line' id='line_1_6' title="bbox 223 1059 1386 1147; baseline -0.003 -23"><span class='ocrx_word' id='word_1_35' title='bbox 223 1067 258 1137; x_wconf 77' lang='lat'>(1</span> <span class='ocrx_word' id='word_1_36' title='bbox 281 1061 308 1124; x_wconf 88' lang='lat' dir='ltr'>F</span> <span class='ocrx_word' id='word_1_37' title='bbox 309 1063 378 1126; x_wconf 88' lang='lat' dir='ltr'>eria</span> <span class='ocrx_word' id='word_1_38' title='bbox 393 1064 433 1126; x_wconf 85' lang='lat' dir='ltr'>.ii.</span> <span class='ocrx_word' id='word_1_39' title='bbox 449 1064 492 1127; x_wconf 93' lang='lat' dir='ltr'>de</span> <span class='ocrx_word' id='word_1_40' title='bbox 514 1073 630 1126; x_wconf 90' lang='lat' dir='ltr'>sancta</span> <span class='ocrx_word' id='word_1_41' title='bbox 653 1062 791 1147; x_wconf 82' lang='lat' dir='ltr'>Agatha</span> <span class='ocrx_word' id='word_1_42' title='bbox 806 1063 861 1127; x_wconf 92' lang='lat' dir='ltr'>.ix.</span> <span class='ocrx_word' id='word_1_43' title='bbox 877 1062 1045 1137; x_wconf 86' lang='lat' dir='ltr'>lectiones,</span> <span class='ocrx_word' id='word_1_44' title='bbox 1060 1062 1132 1124; x_wconf 90' lang='lat' dir='ltr'>sine</span> <span class='ocrx_word' id='word_1_45' title='bbox 1151 1059 1386 1143; x_wconf 84' lang='lat' dir='ltr'>expositione:</span> 
     </span>
     <span class='ocr_line' id='line_1_7' title="bbox 176 1146 1385 1232; baseline -0.002 -21"><span class='ocrx_word' id='word_1_46' title='bbox 176 1158 212 1212; x_wconf 91' lang='lat' dir='ltr'>et</span> <span class='ocrx_word' id='word_1_47' title='bbox 229 1152 390 1213; x_wconf 89' lang='lat' dir='ltr'>memoria</span> <span class='ocrx_word' id='word_1_48' title='bbox 404 1160 536 1214; x_wconf 88' lang='lat' dir='ltr'>tantum</span> <span class='ocrx_word' id='word_1_49' title='bbox 551 1151 594 1214; x_wconf 91' lang='lat' dir='ltr'>de</span> <span class='ocrx_word' id='word_1_50' title='bbox 609 1152 739 1213; x_wconf 88' lang='lat' dir='ltr'>sanctis.</span> <span class='ocrx_word' id='word_1_51' title='bbox 786 1149 941 1215; x_wconf 85' lang='lat' dir='ltr'>Secunde</span> <span class='ocrx_word' id='word_1_52' title='bbox 956 1168 1094 1232; x_wconf 90' lang='lat' dir='ltr'>vespere</span> <span class='ocrx_word' id='word_1_53' title='bbox 1110 1146 1192 1212; x_wconf 89' lang='lat' dir='ltr'>fient</span> <span class='ocrx_word' id='word_1_54' title='bbox 1206 1148 1250 1211; x_wconf 91' lang='lat' dir='ltr'>de</span> <span class='ocrx_word' id='word_1_55' title='bbox 1265 1156 1385 1211; x_wconf 87' lang='lat' dir='ltr'>sancta</span> 
     </span>
     <span class='ocr_line' id='line_1_8' title="bbox 180 1236 871 1319; baseline 0.001 -19"><span class='ocrx_word' id='word_1_56' title='bbox 180 1236 292 1314; x_wconf 87' lang='lat' dir='ltr'>maria,</span> <span class='ocrx_word' id='word_1_57' title='bbox 308 1246 342 1300; x_wconf 89' lang='lat' dir='ltr'>et</span> <span class='ocrx_word' id='word_1_58' title='bbox 358 1238 519 1301; x_wconf 89' lang='lat' dir='ltr'>memoria</span> <span class='ocrx_word' id='word_1_59' title='bbox 534 1239 577 1301; x_wconf 95' lang='lat' dir='ltr'>de</span> <span class='ocrx_word' id='word_1_60' title='bbox 592 1247 708 1301; x_wconf 88' lang='lat' dir='ltr'>sancta</span> <span class='ocrx_word' id='word_1_61' title='bbox 724 1237 871 1319; x_wconf 83' lang='lat' dir='ltr'>Agatha.</span> 
     </span>
    </p>
   </div>
   <div class='ocr_carea' id='block_1_4' title="bbox 179 1357 1390 1861">
    <p class='ocr_par' dir='ltr' id='par_1_4' title="bbox 179 1357 1390 1861">
     <span class='ocr_line' id='line_1_9' title="bbox 223 1357 1388 1442; baseline -0.003 -18"><span class='ocrx_word' id='word_1_62' title='bbox 223 1366 257 1435; x_wconf 75' lang='lat' dir='ltr'>(I</span> <span class='ocrx_word' id='word_1_63' title='bbox 280 1361 377 1425; x_wconf 88' lang='lat' dir='ltr'>Feria</span> <span class='ocrx_word' id='word_1_64' title='bbox 400 1364 460 1439; x_wconf 82' lang='lat' dir='ltr'>.iii,</span> <span class='ocrx_word' id='word_1_65' title='bbox 484 1363 526 1426; x_wconf 92' lang='lat' dir='ltr'>de</span> <span class='ocrx_word' id='word_1_66' title='bbox 550 1372 666 1426; x_wconf 87' lang='lat' dir='ltr'>sancta</span> <span class='ocrx_word' id='word_1_67' title='bbox 694 1362 809 1425; x_wconf 85' lang='lat' dir='ltr'>Maria</span> <span class='ocrx_word' id='word_1_68' title='bbox 865 1361 1019 1425; x_wconf 86' lang='lat' dir='ltr'>Secunde</span> <span class='ocrx_word' id='word_1_69' title='bbox 1048 1380 1186 1442; x_wconf 88' lang='lat' dir='ltr'>vespere</span> <span class='ocrx_word' id='word_1_70' title='bbox 1215 1366 1310 1422; x_wconf 90' lang='lat' dir='ltr'>erunt</span> <span class='ocrx_word' id='word_1_71' title='bbox 1341 1357 1388 1420; x_wconf 88' lang='lat' dir='ltr'>de</span> 
     </span>
     <span class='ocr_line' id='line_1_10' title="bbox 181 1445 1384 1532; baseline -0.001 -23"><span class='ocrx_word' id='word_1_72' title='bbox 181 1446 281 1523; x_wconf 81' lang='lat' dir='ltr'>ieria;</span> <span class='ocrx_word' id='word_1_73' title='bbox 305 1450 495 1532; x_wconf 87' lang='lat' dir='ltr'>antiphone.</span> <span class='ocrx_word' id='word_1_74' title='bbox 514 1450 668 1530; x_wconf 70' lang='lat' dir='ltr'>hymnus</span> <span class='ocrx_word' id='word_1_75' title='bbox 677 1449 807 1531; x_wconf 86' lang='lat' dir='ltr'>psalmi,</span> <span class='ocrx_word' id='word_1_76' title='bbox 819 1457 854 1512; x_wconf 90' lang='lat' dir='ltr'>et</span> <span class='ocrx_word' id='word_1_77' title='bbox 868 1448 1048 1511; x_wconf 83' lang='lat' dir='ltr'>versiculus</span> <span class='ocrx_word' id='word_1_78' title='bbox 1065 1447 1201 1510; x_wconf 80' lang='lat' dir='ltr'>feriales.</span> <span class='ocrx_word' id='word_1_79' title='bbox 1247 1445 1384 1529; x_wconf 88' lang='lat' dir='ltr'>Capitu-</span> 
     </span>
     <span class='ocr_line' id='line_1_11' title="bbox 179 1532 1383 1618; baseline -0.002 -21"><span class='ocrx_word' id='word_1_80' title='bbox 179 1535 249 1597; x_wconf 90' lang='lat' dir='ltr'>lum</span> <span class='ocrx_word' id='word_1_81' title='bbox 272 1534 437 1599; x_wconf 85' lang='lat' dir='ltr'>Dominus</span> <span class='ocrx_word' id='word_1_82' title='bbox 450 1546 559 1599; x_wconf 81' lang='lat' dir='ltr'>autem</span> <span class='ocrx_word' id='word_1_83' title='bbox 574 1533 723 1618; x_wconf 73' lang='lat' dir='ltr'>olirigot,⁸</span> <span class='ocrx_word' id='word_1_84' title='bbox 737 1546 771 1599; x_wconf 92' lang='lat' dir='ltr'>et</span> <span class='ocrx_word' id='word_1_85' title='bbox 794 1536 915 1599; x_wconf 89' lang='lat' dir='ltr'>dicitur</span> <span class='ocrx_word' id='word_1_86' title='bbox 936 1534 1120 1616; x_wconf 90' lang='lat' dir='ltr'>capitulum</span> <span class='ocrx_word' id='word_1_87' title='bbox 1137 1533 1323 1616; x_wconf 89' lang='lat' dir='ltr'>predictum</span> <span class='ocrx_word' id='word_1_88' title='bbox 1339 1532 1383 1595; x_wconf 95' lang='lat' dir='ltr'>ad</span> 
     </span>
     <span class='ocr_line' id='line_1_12' title="bbox 179 1619 1390 1707; baseline 0 -24"><span class='ocrx_word' id='word_1_89' title='bbox 179 1642 346 1704; x_wconf 78' lang='lat' dir='ltr'>vesperas,</span> <span class='ocrx_word' id='word_1_90' title='bbox 375 1644 480 1707; x_wconf 87' lang='lat' dir='ltr'>vsque</span> <span class='ocrx_word' id='word_1_91' title='bbox 509 1623 552 1687; x_wconf 89' lang='lat' dir='ltr'>ad</span> <span class='ocrx_word' id='word_1_92' title='bbox 582 1623 768 1686; x_wconf 85' lang='lat' dir='ltr'>sabbatum.</span> <span class='ocrx_word' id='word_1_93' title='bbox 823 1622 933 1704; x_wconf 87' lang='lat' dir='ltr'>Super</span> <span class='ocrx_word' id='word_1_94' title='bbox 963 1621 1163 1704; x_wconf 77' lang='lat' dir='ltr'>Magmficot</span> <span class='ocrx_word' id='word_1_95' title='bbox 1191 1619 1390 1702; x_wconf 73' lang='lat' dir='ltr'>antiphona,</span> 
     </span>
     <span class='ocr_line' id='line_1_13' title="bbox 183 1707 1383 1791; baseline -0.003 -19"><span class='ocrx_word' id='word_1_96' title='bbox 183 1707 302 1772; x_wconf 82' lang='lat' dir='ltr'>Omnis</span> <span class='ocrx_word' id='word_1_97' title='bbox 308 1710 400 1791; x_wconf 80' lang='lat' dir='ltr'>plebs</span> <span class='ocrx_word' id='word_1_98' title='bbox 414 1760 421 1773; x_wconf 92' lang='lat'><strong>.</strong></span> <span class='ocrx_word' id='word_1_99' title='bbox 437 1710 556 1775; x_wconf 87' lang='lat' dir='ltr'>Oratio</span> <span class='ocrx_word' id='word_1_100' title='bbox 571 1710 788 1774; x_wconf 88' lang='lat' dir='ltr'>dominicalis.</span> <span class='ocrx_word' id='word_1_101' title='bbox 834 1708 999 1772; x_wconf 88' lang='lat' dir='ltr'>Memoria</span> <span class='ocrx_word' id='word_1_102' title='bbox 1022 1709 1064 1772; x_wconf 93' lang='lat' dir='ltr'>de</span> <span class='ocrx_word' id='word_1_103' title='bbox 1087 1718 1203 1770; x_wconf 89' lang='lat' dir='ltr'>sancta</span> <span class='ocrx_word' id='word_1_104' title='bbox 1226 1707 1334 1770; x_wconf 88' lang='lat' dir='ltr'>Maria</span> <span class='ocrx_word' id='word_1_105' title='bbox 1348 1717 1383 1769; x_wconf 88' lang='lat' dir='ltr'>et</span> 
     </span>
     <span class='ocr_line' id='line_1_14' title="bbox 181 1795 547 1861; baseline 0.005 -3"><span class='ocrx_word' id='word_1_106' title='bbox 181 1795 227 1858; x_wconf 93' lang='lat' dir='ltr'>de</span> <span class='ocrx_word' id='word_1_107' title='bbox 240 1798 398 1861; x_wconf 91' lang='lat' dir='ltr'>omnibus</span> <span class='ocrx_word' id='word_1_108' title='bbox 413 1797 547 1860; x_wconf 86' lang='lat' dir='ltr'>sanctis.</span> 
     </span>
    </p>
   </div>
   <div class='ocr_carea' id='block_1_5' title="bbox 183 1904 1386 2034">
    <p class='ocr_par' dir='ltr' id='par_1_5' title="bbox 183 1904 1386 2034">
     <span class='ocr_line' id='line_1_15' title="bbox 183 1904 1386 2034; baseline -0.016 -49"><span class='ocrx_word' id='word_1_109' title='bbox 183 1964 252 2017; x_wconf 83' lang='lat' dir='ltr'>Feb.</span> <span class='ocrx_word' id='word_1_110' title='bbox 265 1961 303 2034; x_wconf 45' lang='lat' dir='ltr'>a]</span> <span class='ocrx_word' id='word_1_111' title='bbox 383 1916 418 1986; x_wconf 77' lang='lat' dir='ltr'>(I</span> <span class='ocrx_word' id='word_1_112' title='bbox 442 1910 536 1973; x_wconf 86' lang='lat' dir='ltr'>Feria</span> <span class='ocrx_word' id='word_1_113' title='bbox 560 1909 622 1972; x_wconf 89' lang='lat' dir='ltr'>.iiii.</span> <span class='ocrx_word' id='word_1_114' title='bbox 647 1909 680 1971; x_wconf 92' lang='lat' dir='ltr'>in</span> <span class='ocrx_word' id='word_1_115' title='bbox 703 1908 813 1992; x_wconf 90' lang='lat' dir='ltr'>capite</span> <span class='ocrx_word' id='word_1_116' title='bbox 834 1908 968 1983; x_wconf 87' lang='lat' dir='ltr'>ieiunii,⁴</span> <span class='ocrx_word' id='word_1_117' title='bbox 984 1916 1093 1970; x_wconf 85' lang='lat' dir='ltr'>totum</span> <span class='ocrx_word' id='word_1_118' title='bbox 1109 1904 1166 1969; x_wconf 89' lang='lat' dir='ltr'>fiet</span> <span class='ocrx_word' id='word_1_119' title='bbox 1189 1905 1232 1968; x_wconf 92' lang='lat' dir='ltr'>de</span> <span class='ocrx_word' id='word_1_120' title='bbox 1254 1905 1386 1968; x_wconf 86' lang='lat' dir='ltr'>ieiunio.</span> 
     </span>
    </p>
   </div>
   <div class='ocr_carea' id='block_1_6' title="bbox 181 1992 1387 2101">
    <p class='ocr_par' dir='ltr' id='par_1_6' title="bbox 181 1992 1387 2101">
     <span class='ocr_line' id='line_1_16' title="bbox 181 1992 1387 2101; baseline -0.008 -37"><span class='ocrx_word' id='word_1_121' title='bbox 181 2033 364 2101; x_wconf 77' lang='lat' dir='ltr'>(AshWed.)</span> <span class='ocrx_word' id='word_1_122' title='bbox 385 1996 627 2073; x_wconf 88' lang='lat' dir='ltr'>inuitatorium,</span> <span class='ocrx_word' id='word_1_123' title='bbox 648 1995 803 2076; x_wconf 87' lang='lat' dir='ltr'>hymnus,</span> <span class='ocrx_word' id='word_1_124' title='bbox 825 1993 1016 2077; x_wconf 85' lang='lat' dir='ltr'>antiphone,</span> <span class='ocrx_word' id='word_1_125' title='bbox 1032 1993 1161 2076; x_wconf 88' lang='lat' dir='ltr'>psalmi,</span> <span class='ocrx_word' id='word_1_126' title='bbox 1176 2003 1210 2056; x_wconf 88' lang='lat' dir='ltr'>et</span> <span class='ocrx_word' id='word_1_127' title='bbox 1234 1992 1387 2055; x_wconf 87' lang='lat' dir='ltr'>versiculi</span> 
     </span>
    </p>
   </div>
   <div class='ocr_carea' id='block_1_7' title="bbox 180 2079 1392 2407">
    <p class='ocr_par' dir='ltr' id='par_1_7' title="bbox 180 2079 1392 2407">
     <span class='ocr_line' id='line_1_17' title="bbox 384 2079 1383 2165; baseline -0.005 -20"><span class='ocrx_word' id='word_1_128' title='bbox 384 2082 483 2145; x_wconf 80' lang='lat' dir='ltr'>illius³</span> <span class='ocrx_word' id='word_1_129' title='bbox 498 2081 586 2146; x_wconf 84' lang='lat' dir='ltr'>ferie.</span> <span class='ocrx_word' id='word_1_130' title='bbox 631 2081 892 2165; x_wconf 86' lang='lat' dir='ltr'>Responsorium</span> <span class='ocrx_word' id='word_1_131' title='bbox 908 2080 1077 2145; x_wconf 80' lang='lat' dir='ltr'>Porodisi.</span> <span class='ocrx_word' id='word_1_132' title='bbox 1122 2079 1383 2162; x_wconf 88' lang='lat' dir='ltr'>Responsorium</span> 
     </span>
     <span class='ocr_line' id='line_1_18' title="bbox 182 2165 1384 2251; baseline -0.002 -21"><span class='ocrx_word' id='word_1_133' title='bbox 182 2166 338 2231; x_wconf 80' lang='lat' dir='ltr'>Scindito.</span> <span class='ocrx_word' id='word_1_134' title='bbox 384 2170 646 2251; x_wconf 90' lang='lat' dir='ltr'>Responsorium</span> <span class='ocrx_word' id='word_1_135' title='bbox 660 2169 873 2232; x_wconf 75' lang='lat' dir='ltr'>Abscondr&#39;to.⁰</span> <span class='ocrx_word' id='word_1_136' title='bbox 911 2167 1075 2232; x_wconf 87' lang='lat' dir='ltr'>Memoria</span> <span class='ocrx_word' id='word_1_137' title='bbox 1085 2187 1147 2249; x_wconf 91' lang='lat' dir='ltr'>pro</span> <span class='ocrx_word' id='word_1_138' title='bbox 1158 2165 1384 2250; x_wconf 91' lang='lat' dir='ltr'>penitentibus</span> 
     </span>
     <span class='ocr_line' id='line_1_19' title="bbox 181 2253 1392 2336; baseline 0 -20"><span class='ocrx_word' id='word_1_139' title='bbox 181 2258 335 2319; x_wconf 65' lang='lat' dir='ltr'>tantum.⁷</span> <span class='ocrx_word' id='word_1_140' title='bbox 380 2257 437 2319; x_wconf 82' lang='lat' dir='ltr'>Ad</span> <span class='ocrx_word' id='word_1_141' title='bbox 462 2257 568 2333; x_wconf 91' lang='lat' dir='ltr'>horas,</span> <span class='ocrx_word' id='word_1_142' title='bbox 588 2257 701 2319; x_wconf 91' lang='lat' dir='ltr'>omnia</span> <span class='ocrx_word' id='word_1_143' title='bbox 726 2255 806 2319; x_wconf 86' lang='lat' dir='ltr'>fiant</span> <span class='ocrx_word' id='word_1_144' title='bbox 830 2256 915 2318; x_wconf 91' lang='lat' dir='ltr'>sicut</span> <span class='ocrx_word' id='word_1_145' title='bbox 937 2256 970 2318; x_wconf 94' lang='lat' dir='ltr'>in</span> <span class='ocrx_word' id='word_1_146' title='bbox 986 2254 1026 2318; x_wconf 92' lang='lat' dir='ltr'>.ii.</span> <span class='ocrx_word' id='word_1_147' title='bbox 1044 2254 1124 2317; x_wconf 84' lang='lat' dir='ltr'>seria</span> <span class='ocrx_word' id='word_1_148' title='bbox 1146 2263 1223 2336; x_wconf 90' lang='lat' dir='ltr'>post</span> <span class='ocrx_word' id='word_1_149' title='bbox 1245 2253 1392 2316; x_wconf 78' lang='lat' dir='ltr'>Domino·</span> 
     </span>
     <span class='ocr_line' id='line_1_20' title="bbox 180 2341 900 2407; baseline 0.006 -6"><span class='ocrx_word' id='word_1_150' title='bbox 180 2363 221 2403; x_wconf 83' lang='lat' dir='ltr'>ne</span> <span class='ocrx_word' id='word_1_151' title='bbox 235 2342 271 2403; x_wconf 85' lang='lat' dir='ltr'>in</span> <span class='ocrx_word' id='word_1_152' title='bbox 287 2343 349 2405; x_wconf 84' lang='lat' dir='ltr'>ira.</span> <span class='ocrx_word' id='word_1_153' title='bbox 365 2344 454 2407; x_wconf 73' lang='lat' dir='ltr'>⁸cum</span> <span class='ocrx_word' id='word_1_154' title='bbox 470 2344 620 2407; x_wconf 89' lang='lat' dir='ltr'>oratione</span> <span class='ocrx_word' id='word_1_155' title='bbox 634 2343 783 2407; x_wconf 89' lang='lat' dir='ltr'>eiusdem</span> <span class='ocrx_word' id='word_1_156' title='bbox 799 2341 900 2405; x_wconf 80' lang='lat' dir='ltr'>ferie.⁸</span> 
     </span>
    </p>
   </div>
   <div class='ocr_carea' id='block_1_8' title="bbox 182 2464 1385 2809">
    <p class='ocr_par' dir='ltr' id='par_1_8' title="bbox 182 2464 1385 2809">
     <span class='ocr_line' id='line_1_21' title="bbox 225 2464 1385 2547; baseline 0 -19"><span class='ocrx_word' id='word_1_157' title='bbox 225 2472 260 2541; x_wconf 71' lang='grc' dir='ltr'>ΙΙ</span> <span class='ocrx_word' id='word_1_158' title='bbox 284 2467 379 2531; x_wconf 86' lang='lat' dir='ltr'>Feria</span> <span class='ocrx_word' id='word_1_159' title='bbox 401 2491 439 2531; x_wconf 92' lang='lat' dir='ltr'>.v.</span> <span class='ocrx_word' id='word_1_160' title='bbox 462 2469 502 2530; x_wconf 92' lang='lat' dir='ltr'>vi.</span> <span class='ocrx_word' id='word_1_161' title='bbox 525 2478 559 2530; x_wconf 88' lang='lat' dir='ltr'>et</span> <span class='ocrx_word' id='word_1_162' title='bbox 581 2466 723 2530; x_wconf 88' lang='lat' dir='ltr'>sabbato</span> <span class='ocrx_word' id='word_1_163' title='bbox 744 2468 788 2531; x_wconf 92' lang='lat' dir='ltr'>de</span> <span class='ocrx_word' id='word_1_164' title='bbox 811 2466 954 2529; x_wconf 60' lang='lat' dir='ltr'>ieiunio,l</span> <span class='ocrx_word' id='word_1_165' title='bbox 1002 2464 1170 2547; x_wconf 67' lang='lat' dir='ltr'>Hymnus</span> <span class='ocrx_word' id='word_1_166' title='bbox 1192 2464 1385 2547; x_wconf 90' lang='lat' dir='ltr'>antiphone,</span> 
     </span>
     <span class='ocr_line' id='line_1_22' title="bbox 182 2551 1383 2636; baseline -0.002 -21"><span class='ocrx_word' id='word_1_167' title='bbox 182 2553 311 2634; x_wconf 89' lang='lat' dir='ltr'>psalmi,</span> <span class='ocrx_word' id='word_1_168' title='bbox 352 2566 387 2617; x_wconf 90' lang='lat' dir='ltr'>et</span> <span class='ocrx_word' id='word_1_169' title='bbox 425 2555 574 2617; x_wconf 86' lang='lat' dir='ltr'>versiculi</span> <span class='ocrx_word' id='word_1_170' title='bbox 612 2553 749 2617; x_wconf 80' lang='lat' dir='ltr'>feriales</span> <span class='ocrx_word' id='word_1_171' title='bbox 806 2553 1032 2636; x_wconf 88' lang='lat' dir='ltr'>Responsoria</span> <span class='ocrx_word' id='word_1_172' title='bbox 1069 2551 1205 2614; x_wconf 87' lang='lat' dir='ltr'>historie</span> <span class='ocrx_word' id='word_1_173' title='bbox 1242 2551 1383 2614; x_wconf 91' lang='lat' dir='ltr'>domini-</span> 
     </span>
     <span class='ocr_line' id='line_1_23' title="bbox 182 2638 1384 2722; baseline 0 -21"><span class='ocrx_word' id='word_1_174' title='bbox 182 2638 264 2702; x_wconf 90' lang='lat' dir='ltr'>calis</span> <span class='ocrx_word' id='word_1_175' title='bbox 294 2689 301 2702; x_wconf 87' lang='grc'><strong>.</strong></span> <span class='ocrx_word' id='word_1_176' title='bbox 333 2661 392 2722; x_wconf 91' lang='lat' dir='ltr'>per</span> <span class='ocrx_word' id='word_1_177' title='bbox 420 2642 571 2704; x_wconf 87' lang='lat' dir='ltr'>ordinem</span> <span class='ocrx_word' id='word_1_178' title='bbox 601 2641 765 2717; x_wconf 91' lang='lat' dir='ltr'>dicuntur,</span> <span class='ocrx_word' id='word_1_179' title='bbox 796 2650 831 2704; x_wconf 92' lang='lat' dir='ltr'>et</span> <span class='ocrx_word' id='word_1_180' title='bbox 875 2641 908 2702; x_wconf 95' lang='lat' dir='ltr'>in</span> <span class='ocrx_word' id='word_1_181' title='bbox 953 2638 1095 2702; x_wconf 89' lang='lat' dir='ltr'>sabbato</span> <span class='ocrx_word' id='word_1_182' title='bbox 1140 2639 1260 2702; x_wconf 91' lang='lat' dir='ltr'>dicitur</span> <span class='ocrx_word' id='word_1_183' title='bbox 1296 2638 1384 2701; x_wconf 86' lang='lat' dir='ltr'>.vii.¹⁰</span> 
     </span>
     <span class='ocr_line' id='line_1_24' title="bbox 184 2725 1043 2809; baseline 0.002 -21"><span class='ocrx_word' id='word_1_184' title='bbox 184 2726 448 2809; x_wconf 88' lang='lat' dir='ltr'>Responsorium</span> <span class='ocrx_word' id='word_1_185' title='bbox 464 2728 608 2804; x_wconf 88' lang='lat' dir='ltr'>historie,</span> <span class='ocrx_word' id='word_1_186' title='bbox 625 2748 701 2790; x_wconf 92' lang='lat' dir='ltr'>cum</span> <span class='ocrx_word' id='word_1_187' title='bbox 718 2727 850 2791; x_wconf 90' lang='lat' dir='ltr'>duobus</span> <span class='ocrx_word' id='word_1_188' title='bbox 868 2725 1043 2790; x_wconf 84' lang='lat' dir='ltr'>ferialibus.</span> 
     </span>
    </p>
   </div>
   <div class='ocr_carea' id='block_1_9' title="bbox 182 2837 1391 2991">
    <p class='ocr_par' dir='ltr' id='par_1_9' title="bbox 182 2837 1391 2991">
     <span class='ocr_line' id='line_1_25' title="bbox 224 2837 1391 2919; baseline 0 -17"><span class='ocrx_word' id='word_1_189' title='bbox 224 2844 260 2915; x_wconf 69' lang='lat' dir='ltr'>(l</span> <span class='ocrx_word' id='word_1_190' title='bbox 283 2839 379 2903; x_wconf 89' lang='lat' dir='ltr'>Feria</span> <span class='ocrx_word' id='word_1_191' title='bbox 394 2841 443 2903; x_wconf 91' lang='lat' dir='ltr'>.vi.</span> <span class='ocrx_word' id='word_1_192' title='bbox 460 2840 516 2904; x_wconf 84' lang='lat' dir='ltr'>liet</span> <span class='ocrx_word' id='word_1_193' title='bbox 532 2840 692 2904; x_wconf 88' lang='lat' dir='ltr'>memoria</span> <span class='ocrx_word' id='word_1_194' title='bbox 714 2840 757 2903; x_wconf 89' lang='lat' dir='ltr'>de</span> <span class='ocrx_word' id='word_1_195' title='bbox 779 2848 895 2903; x_wconf 88' lang='lat' dir='ltr'>sancta</span> <span class='ocrx_word' id='word_1_196' title='bbox 918 2837 1109 2903; x_wconf 84' lang='lat' dir='ltr'>Scolastica</span> <span class='ocrx_word' id='word_1_197' title='bbox 1156 2837 1213 2901; x_wconf 82' lang='lat' dir='ltr'>nd</span> <span class='ocrx_word' id='word_1_198' title='bbox 1228 2857 1391 2919; x_wconf 77' lang='lat' dir='ltr'>vesperas·</span> 
     </span>
     <span class='ocr_line' id='line_1_26' title="bbox 182 2925 821 2991; baseline 0.003 -4"><span class='ocrx_word' id='word_1_199' title='bbox 182 2935 218 2988; x_wconf 91' lang='lat' dir='ltr'>et</span> <span class='ocrx_word' id='word_1_200' title='bbox 232 2926 276 2989; x_wconf 92' lang='lat' dir='ltr'>ad</span> <span class='ocrx_word' id='word_1_201' title='bbox 293 2928 473 2991; x_wconf 85' lang='lat' dir='ltr'>matutinas</span> <span class='ocrx_word' id='word_1_202' title='bbox 489 2927 532 2990; x_wconf 93' lang='lat' dir='ltr'>de</span> <span class='ocrx_word' id='word_1_203' title='bbox 546 2936 663 2990; x_wconf 89' lang='lat' dir='ltr'>sancta</span> <span class='ocrx_word' id='word_1_204' title='bbox 679 2925 821 2990; x_wconf 84' lang='lat' dir='ltr'>Maria¹¹</span> 
     </span>
    </p>
   </div>
   <div class='ocr_carea' id='block_1_10' title="bbox 181 3171 1392 4094">
    <p class='ocr_par' dir='ltr' id='par_1_10' title="bbox 182 3171 1392 3421">
     <span class='ocr_line' id='line_1_27' title="bbox 215 3171 1390 3243; baseline 0.005 -17"><span class='ocrx_word' id='word_1_205' title='bbox 215 3171 224 3203; x_wconf 88' lang='lat'>¹</span> <span class='ocrx_word' id='word_1_206' title='bbox 243 3176 260 3200; x_wconf 87' lang='lat'>“</span> <span class='ocrx_word' id='word_1_207' title='bbox 270 3175 315 3226; x_wconf 87' lang='lat' dir='ltr'>‘Si</span> <span class='ocrx_word' id='word_1_208' title='bbox 326 3175 352 3225; x_wconf 89' lang='lat' dir='ltr'>in</span> <span class='ocrx_word' id='word_1_209' title='bbox 369 3176 505 3235; x_wconf 84' lang='lat' dir='ltr'>dominica,</span> <span class='ocrx_word' id='word_1_210' title='bbox 518 3177 557 3224; x_wconf 60' lang='lat'>1¹¹³*</span> <span class='ocrx_word' id='word_1_211' title='bbox 573 3178 664 3226; x_wconf 79' lang='lat' dir='ltr'>festum</span> <span class='ocrx_word' id='word_1_212' title='bbox 675 3177 702 3227; x_wconf 91' lang='lat' dir='ltr'>S.</span> <span class='ocrx_word' id='word_1_213' title='bbox 722 3178 821 3242; x_wconf 81' lang='lat' dir='ltr'>Agathe</span> <span class='ocrx_word' id='word_1_214' title='bbox 837 3177 979 3243; x_wconf 82' lang='lat' dir='ltr'>contigerit,</span> <span class='ocrx_word' id='word_1_215' title='bbox 991 3178 1118 3229; x_wconf 73' lang='lat' dir='ltr'>diflmtur</span> <span class='ocrx_word' id='word_1_216' title='bbox 1132 3178 1158 3229; x_wconf 93' lang='lat' dir='ltr'>in</span> <span class='ocrx_word' id='word_1_217' title='bbox 1173 3179 1200 3229; x_wconf 91' lang='lat' dir='ltr'>ii.</span> <span class='ocrx_word' id='word_1_218' title='bbox 1218 3179 1314 3232; x_wconf 84' lang='lat' dir='ltr'>seriam.</span> <span class='ocrx_word' id='word_1_219' title='bbox 1351 3183 1390 3232; x_wconf 64' lang='lat' dir='ltr'>Et⁴</span> 
     </span>
     <span class='ocr_line' id='line_1_28' title="bbox 182 3239 1385 3312; baseline 0.007 -24"><span class='ocrx_word' id='word_1_220' title='bbox 182 3239 227 3288; x_wconf 86' lang='lat' dir='ltr'>liat</span> <span class='ocrx_word' id='word_1_221' title='bbox 239 3241 319 3301; x_wconf 88' lang='lat' dir='ltr'>(tunc)</span> <span class='ocrx_word' id='word_1_222' title='bbox 331 3249 428 3290; x_wconf 79' lang='lat' dir='ltr'>tanturn</span> <span class='ocrx_word' id='word_1_223' title='bbox 445 3241 565 3290; x_wconf 79' lang='lat' dir='ltr'>memoria</span> <span class='ocrx_word' id='word_1_224' title='bbox 580 3242 613 3291; x_wconf 84' lang='lat' dir='ltr'>de</span> <span class='ocrx_word' id='word_1_225' title='bbox 628 3242 751 3303; x_wconf 81' lang='lat' dir='ltr'>[Vedasto</span> <span class='ocrx_word' id='word_1_226' title='bbox 767 3252 792 3292; x_wconf 90' lang='lat' dir='ltr'>et</span> <span class='ocrx_word' id='word_1_227' title='bbox 809 3244 939 3305; x_wconf 82' lang='lat' dir='ltr'>Amando]</span> <span class='ocrx_word' id='word_1_228' title='bbox 954 3244 1144 3294; x_wconf 81' lang='lat' dir='ltr'>consessoribus.</span> <span class='ocrx_word' id='word_1_229' title='bbox 1180 3246 1213 3294; x_wconf 88' lang='lat' dir='ltr'>Et</span> <span class='ocrx_word' id='word_1_230' title='bbox 1231 3246 1258 3295; x_wconf 91' lang='lat' dir='ltr'>in</span> <span class='ocrx_word' id='word_1_231' title='bbox 1274 3246 1309 3312; x_wconf 88' lang='lat' dir='ltr'>iij.</span> <span class='ocrx_word' id='word_1_232' title='bbox 1323 3246 1385 3297; x_wconf 79' lang='lat' dir='ltr'>seria</span> 
     </span>
     <span class='ocr_line' id='line_1_29' title="bbox 182 3305 1392 3421; baseline 0.007 -68"><span class='ocrx_word' id='word_1_233' title='bbox 182 3305 428 3421; x_wconf 53' lang='lat' dir='ltr'>fia61commem.c}3.</span> <span class='ocrx_word' id='word_1_234' title='bbox 455 3305 642 3421; x_wconf 53' lang='lat' dir='ltr'>Mgrie’ffllsta</span> <span class='ocrx_word' id='word_1_235' title='bbox 658 3307 743 3372; x_wconf 76' lang='lat' dir='ltr'>regule</span> <span class='ocrx_word' id='word_1_236' title='bbox 760 3317 798 3358; x_wconf 74' lang='lat' dir='ltr'>est</span> <span class='ocrx_word' id='word_1_237' title='bbox 816 3325 883 3367; x_wconf 73' lang='lat' dir='ltr'>vera,</span> <span class='ocrx_word' id='word_1_238' title='bbox 901 3318 927 3360; x_wconf 87' lang='lat' dir='ltr'>et</span> <span class='ocrx_word' id='word_1_239' title='bbox 945 3326 1001 3359; x_wconf 82' lang='lat' dir='ltr'>mro</span> <span class='ocrx_word' id='word_1_240' title='bbox 1019 3308 1170 3359; x_wconf 84' lang='lat' dir='ltr'>invenitur.&#39;’</span> <span class='ocrx_word' id='word_1_241' title='bbox 1207 3310 1281 3360; x_wconf 74' lang='lat' dir='ltr'>Crede</span> <span class='ocrx_word' id='word_1_242' title='bbox 1301 3313 1392 3362; x_wconf 79' lang='lat' dir='ltr'>Mr‘chi&#39;</span> 
     </span>
    </p>

    <p class='ocr_par' dir='ltr' id='par_1_11' title="bbox 181 3372 1348 3505">
     <span class='ocr_line' id='line_1_30' title="bbox 334 3385 601 3421; baseline 0.004 -1"><span class='ocrx_word' id='word_1_243' title='bbox 334 3408 341 3420; x_wconf 96' lang='lat'><em>.</em></span> <span class='ocrx_word' id='word_1_244' title='bbox 409 3408 415 3420; x_wconf 91' lang='lat'>.</span> <span class='ocrx_word' id='word_1_245' title='bbox 455 3385 465 3420; x_wconf 91' lang='lat'>1</span> <span class='ocrx_word' id='word_1_246' title='bbox 541 3409 548 3421; x_wconf 91' lang='lat'>.</span> <span class='ocrx_word' id='word_1_247' title='bbox 596 3411 601 3421; x_wconf 79' lang='grc'><strong><em>,</em></strong></span> 
     </span>
     <span class='ocr_line' id='line_1_31' title="bbox 181 3372 1348 3505; baseline 0.007 -21"><span class='ocrx_word' id='word_1_248' title='bbox 181 3372 195 3429; x_wconf 52' lang='lat' dir='ltr'>l</span> <span class='ocrx_word' id='word_1_249' title='bbox 215 3373 459 3500; x_wconf 52' lang='lat' dir='ltr'>¹⁷gp4l‘onfitd3r</span> <span class='ocrx_word' id='word_1_250' title='bbox 469 3385 484 3486; x_wconf 85' lang='lat'>:3</span> <span class='ocrx_word' id='word_1_251' title='bbox 495 3389 579 3487; x_wconf 57' lang='lat' dir='ltr'>c&#39;fipDe</span> <span class='ocrx_word' id='word_1_252' title='bbox 589 3439 715 3487; x_wconf 67' lang='lat' dir='ltr'>morium</span> <span class='ocrx_word' id='word_1_253' title='bbox 726 3439 874 3499; x_wconf 77' lang='lat' dir='ltr'>Dr&#39;roctorii,</span> <span class='ocrx_word' id='word_1_254' title='bbox 886 3455 910 3490; x_wconf 85' lang='lat' dir='ltr'>c.</span> <span class='ocrx_word' id='word_1_255' title='bbox 924 3450 964 3503; x_wconf 82' lang='lat'>50,</span> <span class='ocrx_word' id='word_1_256' title='bbox 977 3455 1001 3504; x_wconf 91' lang='lat' dir='ltr'>p.</span> <span class='ocrx_word' id='word_1_257' title='bbox 1019 3449 1056 3500; x_wconf 91' lang='lat'>17.</span> <span class='ocrx_word' id='word_1_258' title='bbox 1090 3440 1167 3490; x_wconf 81' lang='lat' dir='ltr'>Breo.</span> <span class='ocrx_word' id='word_1_259' title='bbox 1180 3441 1238 3489; x_wconf 86' lang='lat' dir='ltr'>Sar.</span> <span class='ocrx_word' id='word_1_260' title='bbox 1252 3440 1278 3491; x_wconf 88' lang='lat' dir='ltr'>ii.</span> <span class='ocrx_word' id='word_1_261' title='bbox 1291 3453 1348 3505; x_wconf 84' lang='grc'><strong>450.</strong></span> 
     </span>
    </p>

    <p class='ocr_par' dir='ltr' id='par_1_12' title="bbox 215 3499 1379 3569">
     <span class='ocr_line' id='line_1_32' title="bbox 215 3499 1379 3569; baseline 0.006 -19"><span class='ocrx_word' id='word_1_262' title='bbox 215 3499 306 3565; x_wconf 71' lang='lat' dir='ltr'>³Cap.</span> <span class='ocrx_word' id='word_1_263' title='bbox 320 3502 449 3551; x_wconf 83' lang='lat' dir='ltr'>Dominus</span> <span class='ocrx_word' id='word_1_264' title='bbox 456 3510 549 3560; x_wconf 76' lang='lat' dir='ltr'>autern,</span> <span class='ocrx_word' id='word_1_265' title='bbox 587 3518 638 3552; x_wconf 82' lang='lat' dir='ltr'>rev.</span> <span class='ocrx_word' id='word_1_266' title='bbox 652 3505 711 3553; x_wconf 84' lang='lat' dir='ltr'>Sar.</span> <span class='ocrx_word' id='word_1_267' title='bbox 724 3504 849 3554; x_wconf 86' lang='lat' dir='ltr'>ccccxviii.</span> <span class='ocrx_word' id='word_1_268' title='bbox 879 3506 939 3554; x_wconf 76' lang='lat' dir='ltr'>Ant.</span> <span class='ocrx_word' id='word_1_269' title='bbox 952 3505 1041 3554; x_wconf 78' lang='lat' dir='ltr'>Omnis</span> <span class='ocrx_word' id='word_1_270' title='bbox 1046 3506 1124 3569; x_wconf 77' lang='lat' dir='ltr'>plebs,</span> <span class='ocrx_word' id='word_1_271' title='bbox 1133 3505 1209 3556; x_wconf 82' lang='lat' dir='ltr'>Brev.</span> <span class='ocrx_word' id='word_1_272' title='bbox 1218 3508 1277 3557; x_wconf 84' lang='lat' dir='ltr'>Sor.</span> <span class='ocrx_word' id='word_1_273' title='bbox 1287 3505 1305 3556; x_wconf 90' lang='lat' dir='ltr'>i.</span> <span class='ocrx_word' id='word_1_274' title='bbox 1318 3507 1379 3557; x_wconf 85' lang='lat' dir='ltr'>dliv.</span> 
     </span>
    </p>

    <p class='ocr_par' dir='ltr' id='par_1_13' title="bbox 214 3564 973 3635">
     <span class='ocr_line' id='line_1_33' title="bbox 214 3564 973 3635; baseline 0.005 -20"><span class='ocrx_word' id='word_1_275' title='bbox 214 3564 226 3595; x_wconf 82' lang='lat'><strong>⁴</strong></span> <span class='ocrx_word' id='word_1_276' title='bbox 243 3566 283 3615; x_wconf 90' lang='lat' dir='ltr'>De</span> <span class='ocrx_word' id='word_1_277' title='bbox 293 3565 384 3631; x_wconf 83' lang='lat' dir='ltr'>Capite</span> <span class='ocrx_word' id='word_1_278' title='bbox 393 3566 493 3630; x_wconf 76' lang='lat' dir='ltr'>Jejunii.</span> <span class='ocrx_word' id='word_1_279' title='bbox 527 3566 566 3616; x_wconf 81' lang='lat' dir='ltr'>cf.</span> <span class='ocrx_word' id='word_1_280' title='bbox 580 3568 682 3631; x_wconf 79' lang='lat' dir='ltr'>Descns.</span> <span class='ocrx_word' id='word_1_281' title='bbox 697 3570 791 3619; x_wconf 84' lang='lat' dir='ltr'>Dircct.</span> <span class='ocrx_word' id='word_1_282' title='bbox 804 3585 826 3618; x_wconf 74' lang='lat' dir='ltr'>c„</span> <span class='ocrx_word' id='word_1_283' title='bbox 841 3582 881 3628; x_wconf 85' lang='lat'>21,</span> <span class='ocrx_word' id='word_1_284' title='bbox 894 3586 920 3635; x_wconf 89' lang='lat' dir='ltr'>p.</span> <span class='ocrx_word' id='word_1_285' title='bbox 936 3583 973 3619; x_wconf 90' lang='lat'>10.</span> 
     </span>
    </p>

    <p class='ocr_par' dir='ltr' id='par_1_14' title="bbox 181 3628 1390 4094">
     <span class='ocr_line' id='line_1_34' title="bbox 216 3628 1379 3701; baseline 0.006 -21"><span class='ocrx_word' id='word_1_286' title='bbox 216 3628 326 3695; x_wconf 69' lang='lat' dir='ltr'>‘illuis2</span> <span class='ocrx_word' id='word_1_287' title='bbox 347 3644 383 3693; x_wconf 84' lang='lat'>14</span> <span class='ocrx_word' id='word_1_288' title='bbox 421 3633 461 3680; x_wconf 91' lang='lat' dir='ltr'>De</span> <span class='ocrx_word' id='word_1_289' title='bbox 484 3632 553 3681; x_wconf 81' lang='lat' dir='ltr'>festis</span> <span class='ocrx_word' id='word_1_290' title='bbox 580 3633 654 3682; x_wconf 84' lang='lat' dir='ltr'>trium</span> <span class='ocrx_word' id='word_1_291' title='bbox 676 3633 811 3684; x_wconf 88' lang='lat' dir='ltr'>lectionum</span> <span class='ocrx_word' id='word_1_292' title='bbox 838 3635 903 3684; x_wconf 81' lang='lat' dir='ltr'>infra</span> <span class='ocrx_word' id='word_1_293' title='bbox 931 3634 1145 3700; x_wconf 79' lang='lat' dir='ltr'>septuagesimam</span> <span class='ocrx_word' id='word_1_294' title='bbox 1167 3636 1379 3701; x_wconf 79' lang='lat' dir='ltr'>contingentibus.</span> 
     </span>
     <span class='ocr_line' id='line_1_35' title="bbox 184 3696 1381 3767; baseline 0.007 -23"><span class='ocrx_word' id='word_1_295' title='bbox 184 3696 358 3761; x_wconf 81' lang='lat' dir='ltr'>Quodcunque</span> <span class='ocrx_word' id='word_1_296' title='bbox 375 3696 466 3746; x_wconf 81' lang='lat' dir='ltr'>festum</span> <span class='ocrx_word' id='word_1_297' title='bbox 474 3696 502 3745; x_wconf 87' lang='lat' dir='ltr'>iii</span> <span class='ocrx_word' id='word_1_298' title='bbox 512 3698 646 3747; x_wconf 85' lang='lat' dir='ltr'>lectionum</span> <span class='ocrx_word' id='word_1_299' title='bbox 661 3700 695 3748; x_wconf 82' lang='lat' dir='ltr'>ab</span> <span class='ocrx_word' id='word_1_300' title='bbox 705 3700 753 3749; x_wconf 83' lang='lat' dir='ltr'>hac</span> <span class='ocrx_word' id='word_1_301' title='bbox 764 3699 891 3749; x_wconf 84' lang='lat' dir='ltr'>dominica</span> <span class='ocrx_word' id='word_1_302' title='bbox 907 3702 1029 3765; x_wconf 84' lang='lat' dir='ltr'>usquead</span> <span class='ocrx_word' id='word_1_303' title='bbox 1045 3700 1128 3765; x_wconf 73' lang='lat' dir='ltr'>Caput</span> <span class='ocrx_word' id='word_1_304' title='bbox 1137 3701 1381 3767; x_wconf 81' lang='lat' dir='ltr'>Jejuniiconn&#39;gerit,</span> 
     </span>
     <span class='ocr_line' id='line_1_36' title="bbox 183 3761 1381 3830; baseline 0.008 -21"><span class='ocrx_word' id='word_1_305' title='bbox 183 3769 263 3810; x_wconf 86' lang='lat' dir='ltr'>totum</span> <span class='ocrx_word' id='word_1_306' title='bbox 279 3762 408 3811; x_wconf 85' lang='lat' dir='ltr'>servitium</span> <span class='ocrx_word' id='word_1_307' title='bbox 419 3762 463 3812; x_wconf 81' lang='lat' dir='ltr'>fiat</span> <span class='ocrx_word' id='word_1_308' title='bbox 473 3761 505 3812; x_wconf 90' lang='lat' dir='ltr'>de</span> <span class='ocrx_word' id='word_1_309' title='bbox 522 3764 606 3822; x_wconf 86' lang='lat' dir='ltr'>Festo,</span> <span class='ocrx_word' id='word_1_310' title='bbox 620 3780 677 3813; x_wconf 91' lang='lat' dir='ltr'>cum</span> <span class='ocrx_word' id='word_1_311' title='bbox 696 3773 818 3814; x_wconf 88' lang='lat' dir='ltr'>nocturno</span> <span class='ocrx_word' id='word_1_312' title='bbox 834 3773 860 3815; x_wconf 91' lang='lat' dir='ltr'>et</span> <span class='ocrx_word' id='word_1_313' title='bbox 875 3765 944 3815; x_wconf 80' lang='lat' dir='ltr'>nulla</span> <span class='ocrx_word' id='word_1_314' title='bbox 960 3765 1098 3815; x_wconf 66' lang='lat' dir='ltr'>memoria!</span> <span class='ocrx_word' id='word_1_315' title='bbox 1135 3767 1210 3815; x_wconf 70' lang='lat' dir='ltr'>Crede</span> <span class='ocrx_word' id='word_1_316' title='bbox 1222 3768 1306 3816; x_wconf 78' lang='lat' dir='ltr'>Michi</span> <span class='ocrx_word' id='word_1_317' title='bbox 1314 3770 1328 3827; x_wconf 65' lang='grc' dir='ltr'><strong>ἕ</strong></span> <span class='ocrx_word' id='word_1_318' title='bbox 1340 3780 1381 3830; x_wconf 91' lang='lat'>70,</span> 
     </span>
     <span class='ocr_line' id='line_1_37' title="bbox 184 3825 1389 3892; baseline 0.008 -20"><span class='ocrx_word' id='word_1_319' title='bbox 184 3842 208 3889; x_wconf 81' lang='lat' dir='ltr'>p.</span> <span class='ocrx_word' id='word_1_320' title='bbox 222 3837 261 3886; x_wconf 78' lang='lat'>47.</span> <span class='ocrx_word' id='word_1_321' title='bbox 276 3825 318 3875; x_wconf 78' lang='lat' dir='ltr'>ie</span> <span class='ocrx_word' id='word_1_322' title='bbox 333 3828 402 3877; x_wconf 85' lang='lat' dir='ltr'>nulla</span> <span class='ocrx_word' id='word_1_323' title='bbox 420 3827 541 3876; x_wconf 82' lang='lat' dir='ltr'>memoria</span> <span class='ocrx_word' id='word_1_324' title='bbox 551 3830 581 3877; x_wconf 86' lang='lat' dir='ltr'>de</span> <span class='ocrx_word' id='word_1_325' title='bbox 592 3828 672 3892; x_wconf 81' lang='lat' dir='ltr'>feria.</span> <span class='ocrx_word' id='word_1_326' title='bbox 706 3829 769 3879; x_wconf 88' lang='lat' dir='ltr'>This</span> <span class='ocrx_word' id='word_1_327' title='bbox 786 3829 808 3879; x_wconf 81' lang='lat' dir='ltr'>is</span> <span class='ocrx_word' id='word_1_328' title='bbox 825 3830 852 3879; x_wconf 93' lang='lat' dir='ltr'>in</span> <span class='ocrx_word' id='word_1_329' title='bbox 863 3829 1096 3880; x_wconf 76' lang='lat' dir='ltr'>contradistinction</span> <span class='ocrx_word' id='word_1_330' title='bbox 1114 3840 1140 3880; x_wconf 91' lang='lat' dir='ltr'>to</span> <span class='ocrx_word' id='word_1_331' title='bbox 1159 3832 1233 3890; x_wconf 89' lang='lat' dir='ltr'>Lent,</span> <span class='ocrx_word' id='word_1_332' title='bbox 1247 3833 1321 3882; x_wconf 82' lang='lat' dir='ltr'>when</span> <span class='ocrx_word' id='word_1_333' title='bbox 1338 3835 1389 3883; x_wconf 92' lang='lat' dir='ltr'>the·</span> 
     </span>
     <span class='ocr_line' id='line_1_38' title="bbox 184 3890 1378 3963; baseline 0.009 -26"><span class='ocrx_word' id='word_1_334' title='bbox 184 3890 253 3939; x_wconf 78' lang='lat' dir='ltr'>seria}</span> <span class='ocrx_word' id='word_1_335' title='bbox 265 3891 363 3941; x_wconf 88' lang='lat' dir='ltr'>Collect</span> <span class='ocrx_word' id='word_1_336' title='bbox 374 3900 440 3941; x_wconf 82' lang='lat' dir='ltr'>must</span> <span class='ocrx_word' id='word_1_337' title='bbox 451 3893 482 3941; x_wconf 88' lang='lat' dir='ltr'>be</span> <span class='ocrx_word' id='word_1_338' title='bbox 493 3892 547 3942; x_wconf 79' lang='lat' dir='ltr'>said</span> <span class='ocrx_word' id='word_1_339' title='bbox 564 3892 644 3943; x_wconf 88' lang='lat' dir='ltr'>either</span> <span class='ocrx_word' id='word_1_340' title='bbox 654 3910 681 3943; x_wconf 85' lang='lat' dir='ltr'>as</span> <span class='ocrx_word' id='word_1_341' title='bbox 692 3895 789 3945; x_wconf 88' lang='lat' dir='ltr'>Collect</span> <span class='ocrx_word' id='word_1_342' title='bbox 800 3896 830 3945; x_wconf 83' lang='lat' dir='ltr'>of</span> <span class='ocrx_word' id='word_1_343' title='bbox 843 3896 886 3945; x_wconf 84' lang='lat' dir='ltr'>the</span> <span class='ocrx_word' id='word_1_344' title='bbox 898 3897 963 3959; x_wconf 76' lang='lat' dir='ltr'>Dav.</span> <span class='ocrx_word' id='word_1_345' title='bbox 977 3912 1005 3945; x_wconf 89' lang='lat' dir='ltr'>or</span> <span class='ocrx_word' id='word_1_346' title='bbox 1016 3910 1044 3944; x_wconf 77' lang='lat' dir='ltr'>es</span> <span class='ocrx_word' id='word_1_347' title='bbox 1055 3912 1070 3944; x_wconf 88' lang='lat' dir='ltr'>a</span> <span class='ocrx_word' id='word_1_348' title='bbox 1087 3896 1215 3945; x_wconf 81' lang='lat' dir='ltr'>memorial</span> <span class='ocrx_word' id='word_1_349' title='bbox 1226 3913 1255 3946; x_wconf 91' lang='lat' dir='ltr'>or</span> <span class='ocrx_word' id='word_1_350' title='bbox 1264 3898 1378 3963; x_wconf 81' lang='lat' dir='ltr'>suflrage,</span> 
     </span>
     <span class='ocr_line' id='line_1_39' title="bbox 181 3955 1383 4025; baseline 0.007 -21"><span class='ocrx_word' id='word_1_351' title='bbox 181 3955 232 4004; x_wconf 81' lang='lat' dir='ltr'>end</span> <span class='ocrx_word' id='word_1_352' title='bbox 243 3956 297 4006; x_wconf 75' lang='lat' dir='ltr'>also</span> <span class='ocrx_word' id='word_1_353' title='bbox 307 3956 333 4005; x_wconf 85' lang='lat' dir='ltr'>in</span> <span class='ocrx_word' id='word_1_354' title='bbox 350 3957 582 4008; x_wconf 78' lang='lat' dir='ltr'>contradistinction</span> <span class='ocrx_word' id='word_1_355' title='bbox 598 3966 625 4007; x_wconf 93' lang='lat' dir='ltr'>to</span> <span class='ocrx_word' id='word_1_356' title='bbox 637 3960 747 4019; x_wconf 86' lang='lat' dir='ltr'>Advent‚</span> <span class='ocrx_word' id='word_1_357' title='bbox 761 3961 833 4009; x_wconf 83' lang='lat' dir='ltr'>when</span> <span class='ocrx_word' id='word_1_358' title='bbox 845 3961 888 4010; x_wconf 88' lang='lat' dir='ltr'>the</span> <span class='ocrx_word' id='word_1_359' title='bbox 899 3960 1002 4025; x_wconf 85' lang='lat' dir='ltr'>Sunday</span> <span class='ocrx_word' id='word_1_360' title='bbox 1013 3960 1110 4010; x_wconf 88' lang='lat' dir='ltr'>Collect</span> <span class='ocrx_word' id='word_1_361' title='bbox 1121 3962 1142 4010; x_wconf 86' lang='lat' dir='ltr'>is</span> <span class='ocrx_word' id='word_1_362' title='bbox 1154 3961 1214 4011; x_wconf 86' lang='lat' dir='ltr'>used</span> <span class='ocrx_word' id='word_1_363' title='bbox 1225 3978 1252 4011; x_wconf 85' lang='lat' dir='ltr'>as</span> <span class='ocrx_word' id='word_1_364' title='bbox 1263 3965 1383 4012; x_wconf 75' lang='lat' dir='ltr'>nummio</span> 
     </span>
     <span class='ocr_line' id='line_1_40' title="bbox 182 4020 1390 4094; baseline 0.008 -26"><span class='ocrx_word' id='word_1_365' title='bbox 182 4021 211 4068; x_wconf 74' lang='lat' dir='ltr'>dc</span> <span class='ocrx_word' id='word_1_366' title='bbox 219 4020 299 4083; x_wconf 74' lang='lat' dir='ltr'>servo.</span> <span class='ocrx_word' id='word_1_367' title='bbox 336 4021 385 4072; x_wconf 81' lang='lat' dir='ltr'>See</span> <span class='ocrx_word' id='word_1_368' title='bbox 400 4021 479 4072; x_wconf 88' lang='lat' dir='ltr'>dlviii.</span> <span class='ocrx_word' id='word_1_369' title='bbox 515 4024 590 4072; x_wconf 70' lang='lat' dir='ltr'>Bm.</span> <span class='ocrx_word' id='word_1_370' title='bbox 610 4026 667 4073; x_wconf 85' lang='lat' dir='ltr'>Sor.</span> <span class='ocrx_word' id='word_1_371' title='bbox 703 4025 753 4075; x_wconf 90' lang='lat' dir='ltr'>But</span> <span class='ocrx_word' id='word_1_372' title='bbox 770 4027 844 4074; x_wconf 84' lang='lat' dir='ltr'>nulla</span> <span class='ocrx_word' id='word_1_373' title='bbox 861 4026 980 4075; x_wconf 80' lang='lat' dir='ltr'>memoria</span> <span class='ocrx_word' id='word_1_374' title='bbox 990 4025 1052 4075; x_wconf 83' lang='lat' dir='ltr'>does</span> <span class='ocrx_word' id='word_1_375' title='bbox 1070 4034 1116 4075; x_wconf 91' lang='lat' dir='ltr'>not</span> <span class='ocrx_word' id='word_1_376' title='bbox 1132 4027 1236 4076; x_wconf 85' lang='lat' dir='ltr'>exclude</span> <span class='ocrx_word' id='word_1_377' title='bbox 1254 4028 1298 4077; x_wconf 90' lang='lat' dir='ltr'>the</span> <span class='ocrx_word' id='word_1_378' title='bbox 1313 4028 1390 4094; x_wconf 66' lang='lat' dir='ltr'>dnily</span> 
     </span>
    </p>
   </div>
   <div class='ocr_carea' id='block_1_11' title="bbox 183 4086 1385 4202">
    <p class='ocr_par' dir='ltr' id='par_1_15' title="bbox 183 4086 1385 4202">
     <span class='ocr_line' id='line_1_41' title="bbox 184 4086 1385 4157; baseline 0.006 -24"><span class='ocrx_word' id='word_1_379' title='bbox 184 4087 312 4135; x_wconf 85' lang='lat' dir='ltr'>memorial</span> <span class='ocrx_word' id='word_1_380' title='bbox 331 4088 360 4137; x_wconf 85' lang='lat' dir='ltr'>oi</span> <span class='ocrx_word' id='word_1_381' title='bbox 381 4092 407 4136; x_wconf 81' lang='grc' dir='ltr'>Η.</span> <span class='ocrx_word' id='word_1_382' title='bbox 434 4088 507 4151; x_wconf 83' lang='lat' dir='ltr'>Mary</span> <span class='ocrx_word' id='word_1_383' title='bbox 523 4086 574 4138; x_wconf 87' lang='lat' dir='ltr'>and</span> <span class='ocrx_word' id='word_1_384' title='bbox 584 4089 742 4150; x_wconf 80' lang='lat' dir='ltr'>Allhallows,</span> <span class='ocrx_word' id='word_1_385' title='bbox 755 4090 792 4139; x_wconf 82' lang='lat' dir='ltr'>ior</span> <span class='ocrx_word' id='word_1_386' title='bbox 812 4091 882 4141; x_wconf 67' lang='lat' dir='ltr'>these</span> <span class='ocrx_word' id='word_1_387' title='bbox 898 4107 941 4140; x_wconf 81' lang='lat' dir='ltr'>are</span> <span class='ocrx_word' id='word_1_388' title='bbox 957 4089 1012 4140; x_wconf 85' lang='lat' dir='ltr'>said</span> <span class='ocrx_word' id='word_1_389' title='bbox 1032 4106 1110 4155; x_wconf 89' lang='lat' dir='ltr'>usque</span> <span class='ocrx_word' id='word_1_390' title='bbox 1126 4093 1160 4140; x_wconf 84' lang='lat' dir='ltr'>ad</span> <span class='ocrx_word' id='word_1_391' title='bbox 1177 4092 1261 4157; x_wconf 85' lang='lat' dir='ltr'>Caput</span> <span class='ocrx_word' id='word_1_392' title='bbox 1277 4092 1385 4157; x_wconf 83' lang='lat' dir='ltr'>Jeiunii..</span> 
     </span>
     <span class='ocr_line' id='line_1_42' title="bbox 183 4151 451 4202; baseline 0.019 -4"><span class='ocrx_word' id='word_1_393' title='bbox 183 4151 260 4199; x_wconf 66' lang='lat' dir='ltr'>[trev.</span> <span class='ocrx_word' id='word_1_394' title='bbox 273 4153 330 4201; x_wconf 84' lang='lat' dir='ltr'>Sor.</span> <span class='ocrx_word' id='word_1_395' title='bbox 344 4153 451 4202; x_wconf 77' lang='lat' dir='ltr'>ccccxxi</span> 
     </span>
    </p>
   </div>
   <div class='ocr_carea' id='block_1_12' title="bbox 214 4212 857 4475">
    <p class='ocr_par' dir='ltr' id='par_1_16' title="bbox 214 4212 856 4346">
     <span class='ocr_line' id='line_1_43' title="bbox 214 4212 856 4276; baseline 0.009 -12"><span class='ocrx_word' id='word_1_396' title='bbox 214 4212 226 4245; x_wconf 77' lang='lat'><strong>⁶</strong></span> <span class='ocrx_word' id='word_1_397' title='bbox 244 4216 300 4265; x_wconf 90' lang='lat' dir='ltr'>RR.</span> <span class='ocrx_word' id='word_1_398' title='bbox 315 4218 443 4276; x_wconf 77' lang='lat' dir='ltr'>Parndisi,</span> <span class='ocrx_word' id='word_1_399' title='bbox 456 4217 500 4267; x_wconf 75' lang='lat' dir='ltr'>dre.</span> <span class='ocrx_word' id='word_1_400' title='bbox 537 4219 612 4267; x_wconf 82' lang='lat' dir='ltr'>Brev.</span> <span class='ocrx_word' id='word_1_401' title='bbox 627 4219 684 4268; x_wconf 88' lang='lat' dir='ltr'>Sar.</span> <span class='ocrx_word' id='word_1_402' title='bbox 699 4220 715 4270; x_wconf 87' lang='lat' dir='ltr'>i.</span> <span class='ocrx_word' id='word_1_403' title='bbox 730 4220 790 4270; x_wconf 87' lang='lat' dir='ltr'>dliv.</span> <span class='ocrx_word' id='word_1_404' title='bbox 805 4220 856 4270; x_wconf 89' lang='lat' dir='ltr'>dlv.</span> 
     </span>
     <span class='ocr_line' id='line_1_44' title="bbox 215 4279 783 4346; baseline 0.009 -17"><span class='ocrx_word' id='word_1_405' title='bbox 215 4279 227 4312; x_wconf 92' lang='lat'>⁷</span> <span class='ocrx_word' id='word_1_406' title='bbox 244 4281 292 4331; x_wconf 85' lang='lat' dir='ltr'>Pto</span> <span class='ocrx_word' id='word_1_407' title='bbox 304 4283 492 4346; x_wconf 86' lang='lat' dir='ltr'>penitentibus:</span> <span class='ocrx_word' id='word_1_408' title='bbox 510 4283 586 4332; x_wconf 81' lang='lat' dir='ltr'>Breo.</span> <span class='ocrx_word' id='word_1_409' title='bbox 600 4285 659 4334; x_wconf 83' lang='lat' dir='ltr'>Sar.</span> <span class='ocrx_word' id='word_1_410' title='bbox 674 4285 690 4334; x_wconf 86' lang='lat' dir='ltr'>i.</span> <span class='ocrx_word' id='word_1_411' title='bbox 705 4286 783 4334; x_wconf 89' lang='lat' dir='ltr'>dlviii.</span> 
     </span>
    </p>

    <p class='ocr_par' dir='ltr' id='par_1_17' title="bbox 215 4343 857 4475">
     <span class='ocr_line' id='line_1_45' title="bbox 216 4343 857 4412; baseline 0.008 -17"><span class='ocrx_word' id='word_1_412' title='bbox 216 4343 270 4382; x_wconf 78' lang='lat'>⁸-⁸</span> <span class='ocrx_word' id='word_1_413' title='bbox 286 4363 342 4396; x_wconf 89' lang='lat' dir='ltr'>cum</span> <span class='ocrx_word' id='word_1_414' title='bbox 353 4348 470 4397; x_wconf 86' lang='lat' dir='ltr'>oracione</span> <span class='ocrx_word' id='word_1_415' title='bbox 480 4347 590 4398; x_wconf 87' lang='lat' dir='ltr'>eiusdem</span> <span class='ocrx_word' id='word_1_416' title='bbox 603 4349 663 4399; x_wconf 80' lang='lat' dir='ltr'>ferie</span> <span class='ocrx_word' id='word_1_417' title='bbox 679 4370 685 4400; x_wconf 77' lang='lat' dir='ltr'><strong><em>z</em></strong></span> <span class='ocrx_word' id='word_1_418' title='bbox 701 4367 749 4399; x_wconf 84' lang='lat' dir='ltr'>om.</span> <span class='ocrx_word' id='word_1_419' title='bbox 763 4350 804 4412; x_wconf 89' lang='lat'>87,</span> <span class='ocrx_word' id='word_1_420' title='bbox 818 4350 857 4400; x_wconf 88' lang='lat'>88.</span> 
     </span>
     <span class='ocr_line' id='line_1_46' title="bbox 215 4410 592 4475; baseline 0.008 -15"><span class='ocrx_word' id='word_1_421' title='bbox 215 4410 227 4441; x_wconf 80' lang='lat'>⁸</span> <span class='ocrx_word' id='word_1_422' title='bbox 243 4412 416 4462; x_wconf 82' lang='lat' dir='ltr'>Inuitatorium</span> <span class='ocrx_word' id='word_1_423' title='bbox 428 4415 483 4462; x_wconf 69' lang='lat' dir='ltr'>add</span> <span class='ocrx_word' id='word_1_424' title='bbox 498 4412 539 4475; x_wconf 87' lang='lat'>87,</span> <span class='ocrx_word' id='word_1_425' title='bbox 552 4413 592 4463; x_wconf 85' lang='lat'>88.</span> 
     </span>
    </p>
   </div>
   <div class='ocr_carea' id='block_1_13' title="bbox 217 4472 1313 4545">
    <p class='ocr_par' dir='ltr' id='par_1_18' title="bbox 217 4472 1313 4545">
     <span class='ocr_line' id='line_1_47' title="bbox 217 4472 1313 4545; baseline 0.005 -19"><span class='ocrx_word' id='word_1_426' title='bbox 217 4472 237 4506; x_wconf 82' lang='lat'>¹⁰</span> <span class='ocrx_word' id='word_1_427' title='bbox 255 4477 379 4527; x_wconf 80' lang='lat' dir='ltr'>Octauum</span> <span class='ocrx_word' id='word_1_428' title='bbox 391 4490 432 4541; x_wconf 89' lang='lat'>97,</span> <span class='ocrx_word' id='word_1_429' title='bbox 444 4491 486 4527; x_wconf 87' lang='lat'>01.</span> <span class='ocrx_word' id='word_1_430' title='bbox 760 4478 779 4511; x_wconf 81' lang='lat'>¹¹</span> <span class='ocrx_word' id='word_1_431' title='bbox 796 4479 841 4531; x_wconf 92' lang='lat' dir='ltr'>sed</span> <span class='ocrx_word' id='word_1_432' title='bbox 852 4497 903 4531; x_wconf 89' lang='lat' dir='ltr'>non</span> <span class='ocrx_word' id='word_1_433' title='bbox 914 4481 947 4530; x_wconf 80' lang='lat' dir='ltr'>ad</span> <span class='ocrx_word' id='word_1_434' title='bbox 958 4481 1076 4531; x_wconf 85' lang='lat' dir='ltr'>missam:</span> <span class='ocrx_word' id='word_1_435' title='bbox 1094 4483 1150 4531; x_wconf 81' lang='lat' dir='ltr'>odd.</span> <span class='ocrx_word' id='word_1_436' title='bbox 1165 4492 1206 4545; x_wconf 83' lang='lat'>97,</span> <span class='ocrx_word' id='word_1_437' title='bbox 1218 4495 1260 4542; x_wconf 90' lang='lat'>01,</span> <span class='ocrx_word' id='word_1_438' title='bbox 1273 4481 1313 4533; x_wconf 87' lang='lat'>08.</span> 
     </span>
    </p>
   </div>
   <div class='ocr_carea' id='block_1_14' title="bbox 0 0 1667 5206">
    <p class='ocr_par' dir='ltr' id='par_1_19' title="bbox 0 0 1667 5206">
     <span class='ocr_line' id='line_1_48' title="bbox 0 0 1667 5206; baseline 0 0"><span class='ocrx_word' id='word_1_439' title='bbox 0 0 1667 5206; x_wconf 95' lang='lat' dir='ltr'> </span> 
     </span>
    </p>
   </div>
  </div>
 </body>
</html>
