3330 5218
480 420 698 474 SECUNDUM
715 424 749 472 A.
784 422 861 473 xviii.
885 438 928 473 xv.
951 439 978 473 x.
992 424 1039 473 vii.
1346 436 1377 491 55

220 580 257 650 εἷ
278 574 376 639 Feria
390 576 430 639 .ii.
445 575 488 638 de
502 585 620 640 sancto
630 575 800 658 Gregorio.
847 574 987 639 Inferius
1002 576 1138 660 duplex.
1183 576 1376 661 Capitulum

179 658 260 723 Ecce
271 662 425 739 sacerdos,
439 672 474 726 et
485 659 643 726 solennis¹
659 662 819 726 memoria
833 663 876 725 de
891 663 1021 726 ieiunio.

221 783 255 854 1[
278 780 375 843 Feria
389 801 426 842 .v.
441 779 563 843 dicitur
579 780 841 862 Responsorium
857 779 977 843 feriale.

222 904 257 975 (I
279 900 438 975 sabbato,
461 900 505 963 de
534 912 652 964 sancto
676 898 853 977 Edwardo‚
875 901 920 962 ix.
944 900 1109 965 lectiones.
1166 901 1223 965 Ad
1253 903 1377 984 primas

178 1006 336 1070 vesperas
360 987 546 1070 antiphona
568 986 635 1049 Iste
659 996 790 1051 sanctus
804 1035 811 1048 .
827 985 1021 1070 Capitulum
1043 987 1166 1051 Beatus
1187 988 1244 1052 vir
1261 990 1378 1071 quiin

178 1074 347 1155 sapientia,
376 1083 411 1137 et
439 1085 557 1137 cetera
626 1074 888 1156 Responsorium
921 1074 1045 1138 Beatus
1079 1076 1138 1137 vir
1170 1076 1231 1158 qui
1263 1074 1380 1158 suffert

178 1162 423 1243 temptationem.

376 1288 410 1358 (I
434 1281 612 1345 Dominica
623 1282 656 1344 in
671 1280 829 1343 Passione
844 1280 990 1343 Domini.
1025 1280 1081 1345 Ad
1093 1283 1217 1365 primas
1225 1302 1380 1366 vesperas

378 1369 539 1431 memoria
555 1369 597 1431 de
613 1376 730 1431 sancto
747 1366 922 1432 Edward0.

224 1493 258 1563 (I
281 1488 373 1551 Nota
387 1489 492 1571 quod¹
507 1488 592 1551 festa
608 1496 798 1551 sanctorum
815 1485 988 1551 Cuthberti
1011 1498 1047 1551 et
1069 1488 1243 1553 Benedicti
1269 1487 1380 1553 differ·

180 1586 281 1638 antur
294 1595 399 1658 vsque
414 1575 457 1638 ad
473 1574 708 1637 translationes
722 1576 861 1637 eorum.³

182 1331 283 1387 March
296 1329 349 1402 lp]

223 1700 257 1770 ΙΙ
281 1695 377 1759 Feria
405 1696 471 1758 .iiii.
502 1693 623 1759 dicitur
649 1703 806 1758 octauum
838 1694 1100 1776 Responsorium
1130 1695 1289 1776 Historie‚
1303 1718 1380 1761 cum

178 1781 312 1845 duobus
327 1782 503 1845 ferialibus.

225 1910 258 1980 (1
282 1901 442 1978 Sabbato‚
451 1900 572 1964 festum
587 1900 869 1965 Annunciationis
881 1900 979 1964 beate
996 1901 1112 1979 Marie,
1121 1903 1231 1966 minus
1246 1904 1382 1986 duplex

181 1990 332 2071 Vespere
359 1998 457 2052 erunt
486 1989 529 2052 de
559 1989 735 2064 dominica,
764 1997 799 2051 et
833 1988 980 2050 solennis
1017 1989 1178 2052 memoria
1214 1989 1257 2053 de
1288 1990 1382 2054 festo

182 2076 334 2158 Vespere
362 2076 405 2139 de
435 2085 551 2139 sancta
583 2076 697 2138 Maria„
755 2076 801 2138 Et
838 2074 1093 2157 completorium
1123 2077 1256 2140 dicitur*
1285 2089 1384 2145 extra

183 2164 332 2239 chorum,
346 2163 432 2226 sicut
448 2164 481 2225 in
498 2163 571 2226 aliis
588 2163 697 2226 seriis„⁸

183 2332 350 2405 Mmffi]
378 2291 411 2433 gi
435 2283 615 2433 libiddii?
631 2283 663 2345 in
682 2282 781 2344 ramis
797 2281 995 2360 Palmarum,
1018 2291 1091 2348 tota
1111 2282 1232 2347 dicitur
1247 2283 1384 2348 historia

403 2392 459 2434 om
591 2416 599 2430 .

225 2498 260 2568 (1
282 2492 379 2555 Feria
394 2491 433 2554 .ii.
449 2503 483 2553 et
497 2490 615 2553 ceteris
632 2488 720 2552 seriis
736 2509 795 2572 per
809 2488 1065 2564 hebdomadam,
1081 2489 1125 2554 de
1140 2490 1269 2553 ieiunio.

357 2618 392 2688 (1
416 2612 455 2674 In
478 2610 533 2673 die
557 2609 669 2686 Pasce,
691 2618 726 2672 et
749 2629 808 2691 per
829 2608 1087 2688 hebdomadam,
1110 2610 1153 2674 de
1183 2611 1383 2674 solennitate

182 2660 263 2731 April
276 2659 315 2732 ²⁴]
358 2699 442 2762 sesti.

183 2901 195 2965 l
225 2818 418 2941 §IFestuum
448 2816 555 2880 sancti
587 2816 721 2879 Ricardi
751 2814 923 2880 differatur
951 2835 1057 2898 vsque
1086 2818 1129 2880 ad
1166 2818 1238 2880 eius
1275 2827 1381 2880 trans·

196 2913 352 2967 ationem.

225 3030 259 3100 (I
282 3025 419 3087 Festum
427 3023 542 3174 {ancti
559 3021 730 3086 Ambrosii
747 3022 918 3086 differatur
932 3041 1036 3105 vsque
1052 3021 1095 3085 ad
1111 3023 1248 3086 terciam
1263 3023 1380 3087 seriam

181 3122 258 3195 post
272 3121 410 3174 octauas
453 3131 537 3173 asce.

180 3236 258 3381 Β(
282 3231 377 3331 Nota
389 3231 480 3313 quod
495 3228 745 3294 benedictiones
759 3228 888 3293 feriales
911 3248 977 3292 non
1001 3228 1158 3293 dicuntur
1179 3249 1284 3312 vsque
1305 3241 1383 3313 post

216 3339 439 3381 cusommum.

181 3486 209 3542 Α
244 3487 250 3497 .
358 3444 393 3514 (1
415 3436 594 3500 Dominica
617 3437 650 3498 in
674 3435 767 3514 albis,
783 3435 891 3517 prima
913 3445 991 3518 post
1017 3435 1128 3499 Pasca
1174 3434 1231 3498 Ad
1257 3436 1383 3518 primas

210 3485 313 3558 ΡΜ]
359 3544 514 3606 vesperas
544 3523 603 3587 fiat
629 3523 796 3606 processio
825 3531 904 3585 ante
927 3542 1068 3598 cmcem,
1095 3525 1166 3585 sine
1190 3541 1295 3586 cruce.
1341 3522 1381 3586 In

185 3610 356 3673 redeundo
369 3613 411 3674 de
426 3620 543 3674 sancta
559 3611 675 3673 Maria
721 3609 778 3672 Ad
795 3609 977 3672 matutinas
993 3612 1116 3673 totum²
1131 3609 1174 3672 de
1196 3609 1382 3674 dominica:

182 3705 218 3759 et
234 3699 394 3762 memoria
408 3698 450 3762 de
466 3696 712 3774 resurrectione,
726 3717 803 3760 cum
819 3697 928 3759 missa

215 4003 294 4054 ¹sola
327 4004 367 4055 88,
824 4002 1015 4069 'Notaquom
1031 4002 1183 4066 om.87‚88.

216 4068 228 4098 ²
244 4070 388 4121 Tmnslatio
399 4070 426 4122 S.
440 4069 701 4136 Cuthbeni‚48ep;
718 4069 861 4120 Tramlatio
872 4070 899 4120 S.
911 4070 1049 4130 Benedicti,
1066 4071 1155 4132 11]nL

218 4136 376 4211 *oicunpmz
393 4134 433 4186 88.
470 4136 624 4186 Embescant
645 4135 688 4202 qui
711 4135 737 4185 in
758 4135 822 4211 festo
843 4134 1054 4212 rinnunciationis
1074 4136 1103 4185 B.
1126 4134 1207 4185 Marie
1228 4135 1329 4201 pulsant
1350 4134 1384 4185 ad

184 4202 504 4328 ‘sinentem
513 4216 665 4330 nasa
681 4199 1383 4340 indtnttnatnnmim

186 4331 602 4461 ῧῧῑῆῗίῖἓωὲρξςῑοὲῗιΐὸἷυω
620 4347 669 4380 una
686 4347 809 4396 campana
820 4340 845 4380 et
865 4347 916 4381 non
933 4346 991 4382 cum
1011 4330 1116 4392 duabm,
1135 4340 1192 4396 post
1211 4331 1379 4381 oollauonem.

217 4458 268 4512 ·s.
285 4433 386 4511 memb
397 4433 549 4523 mabsam,
565 4461 595 4511 1⁶
604 4462 664 4526 Jun.
955 4460 965 4492 τ
982 4470 1052 4510 tom
1070 4460 1109 4511 88.
