3326 5208
632 451 793 500 PRIMUM
805 451 841 501 D.
876 451 931 499 xvi.
1345 451 1394 513 269

359 606 393 676 (I
417 602 596 666 Dominica
617 603 679 667 iiii.
703 614 780 686 post
811 604 935 667 Pasca:
958 613 1068 667 totum
1091 605 1135 669 de
1157 604 1334 678 dominica,
1358 616 1392 668 et

362 690 522 752 memoria
537 690 580 753 de
602 701 719 753 sancto
741 690 907 773 Alphego.
953 690 1109 754 Tercium
1126 692 1389 773 Responsorium

184 793 205 835 a
219 773 351 837 duobus
366 785 525 840 cantetur,
573 777 612 840 In
629 776 792 854 laudibus,
807 799 872 841 vna
888 778 1082 861 antiphona.

182 650 262 721 April
279 649 330 721 19.]

224 886 379 1034 ιςΙΡετία
401 888 439 951 ii.
463 889 507 951 de
529 887 617 952 seria
663 889 888 972 Responsoria
910 889 1074 954 Narrabo.
1121 890 1226 953 Missa
1248 891 1391 954 domini·

184 994 272 1037 cais.

227 1091 261 1161 (I
286 1088 447 1150 Feria.iii.
463 1088 507 1151 de
522 1088 607 1151 sesto
622 1088 694 1152 loci.

227 1203 263 1273 ΙΙ
287 1199 383 1261 Feria
398 1199 461 1264 iiii.
476 1199 520 1263 de
534 1210 650 1263 sancta
668 1200 784 1264 Maria.

228 1316 263 1386 εἷ
287 1312 384 1374 Feria
398 1333 436 1374 .v.
452 1312 495 1375 de
510 1322 627 1376 sancto
644 1311 808 1395 Georgio:
832 1312 942 1377 minus
957 1314 1096 1396 duplex.

226 1424 383 1572 §Feria
420 1425 470 1487 .vi.
507 1425 550 1487 de
588 1423 676 1487 seria.
723 1426 948 1507 Responsoria
977 1426 1160 1507 Hymnum.
1206 1426 1311 1489 Missa
1349 1429 1392 1490 de

185 1530 225 1573 ea
251 1530 314 1574 em.

229 1627 263 1697 (I
287 1621 446 1697 Sabbato,
478 1623 521 1686 de
551 1634 670 1687 sancto
704 1624 828 1700 Marce,
858 1624 998 1688 inferius
1030 1626 1167 1708 duplex.
1224 1624 1391 1690 Secunde¹

186 1729 324 1791 vespere
339 1721 437 1773 erunt
451 1711 494 1773 de
510 1710 604 1788 sesto,
619 1720 653 1773 et
666 1712 826 1774 memoria
841 1712 885 1774 de
899 1712 1077 1790 dominica,
1088 1733 1164 1775 cum
1182 1713 1394 1795 processione

187 1807 266 1859 ante
281 1816 421 1859 cmcem.

229 1915 263 1985 (1
286 1908 354 1971 Vbi
382 1908 467 1972 fiunt
493 1920 559 1973 tres
589 1911 933 1986 commemorationes,
963 1912 995 1974 in
1023 1912 1086 1974 .vi.²
1116 1911 1197 1974 seria
1227 1911 1286 1976 fiat
1315 1914 1394 1975 vna³

187 1996 470 2074 commemoratio
486 1997 584 2060 beate
601 1997 716 2073 Marie,
731 2008 766 2060 et
780 1998 845 2060 alia
861 1999 894 2060 in
910 1998 973 2062 iiii.
989 1997 1090 2064 seria⁴

362 2113 398 2183 ΙΙ
421 2108 600 2172 Dominica
621 2130 659 2171 .v.
686 2118 764 2190 post
792 2108 929 2186 Pascha,
951 2109 994 2172 de
1023 2110 1163 2173 seruicio
1193 2109 1393 2174 dominicall

366 2196 599 2278 Responsoria,
629 2196 716 2258 sicut
739 2197 772 2258 in
797 2196 962 2259 dominica
990 2198 1189 2278 precedenti.
1235 2198 1391 2261 Tercium

189 2279 450 2382 Responsorium
466 2302 487 2345 a
501 2282 632 2346 duobus
646 2291 807 2347 cantetur.
853 2284 893 2347 ln
909 2283 1064 2347 laudibus
1078 2303 1196 2347 omnes
1210 2284 1394 2368 antiphone

187 2379 348 2432 dicantur.

229 2486 263 2556 (Ι
287 2481 315 2542 F
317 2482 383 2543 cria
410 2481 449 2544 ji
483 2481 526 2544 de
560 2481 648 2544 seria
715 2482 939 2563 Responsoria
972 2482 1015 2546 de
1049 2482 1112 2548 ,iiii
1145 2481 1234 2558 feria,
1269 2482 1394 2549 scilicet
1434 2540 1438 2549 .

187 2566 300 2630 Deduc
314 2589 372 2631 mc.
417 2568 522 2631 Missa
537 2567 753 2632 dominicalis.

206 2685 263 2829 hil
287 2681 384 2743 Feria
398 2681 450 2744 .iii.
466 2681 509 2744 de
532 2690 649 2745 sancto
675 2679 810 2743 Vitale:
845 2689 911 2744 tres
937 2679 1105 2758 lectiones,
1131 2701 1208 2745 cum
1232 2682 1393 2765 regimine

186 2788 204 2831 c
230 2788 285 2830 on.

229 2885 262 2955 ἦ
287 2880 384 2942 Feria
399 2879 461 2943 iiii.
477 2880 521 2942 de
535 2879 670 2961 vigilia⁶
715 2880 942 2961 Responsoria
957 2879 1123 2957 Narrabo,
1138 2900 1215 2944 cum
1239 2881 1394 2963 Respon-

187 2968 274 3030 sorio
291 2966 404 3042 feriali,
419 2967 546 3030 scilicet
560 2966 686 3029 Dicant
698 2987 791 3030 nunc.

230 3085 263 3155 ἦ
285 3079 354 3141 Vbi
378 3077 462 3142 fiunt
486 3087 553 3142 tres
578 3079 923 3154 commemorationes,
948 3078 980 3141 in
1008 3079 1049 3143 ji.
1075 3078 1155 3142 feria
1182 3080 1392 3161 rogationum

187 3167 354 3230 dicuntur⁶
371 3165 595 3247 Responsoria
610 3165 719 3229 dciii.
735 3164 825 3242 seria,
840 3164 966 3228 scilicet
990 3164 1037 3248 [m
1053 3165 1132 3249 iiii]
1157 3166 1336 3247 Hymnum,
1359 3178 1393 3231 et

188 3255 221 3316 in
237 3253 300 3316 iiii.
317 3252 398 3316 feria
420 3253 577 3316 dicuntur
599 3252 825 3334 Responsoria
846 3252 961 3315 Deduc
980 3273 1050 3330 me3
1073 3264 1107 3316 et
1132 3254 1392 3335 Responsorium

188 3340 300 3403 feriale
316 3341 586 3422 pretermittatur.

230 3458 264 3528 (1
288 3452 385 3515 Feria
419 3473 467 3528 .v.,
498 3451 571 3515 dies
609 3451 825 3514 Ascensionis
864 3451 1011 3527 Domini,
1044 3451 1167 3514 festum
1206 3452 1393 3536 principale.

188 3539 245 3602 Ad
261 3539 425 3602 secundas
439 3558 595 3620 vesperas
610 3536 668 3600 fiat
683 3537 829 3600 solennis
845 3538 1005 3601 memoria
1020 3539 1063 3601 de
1079 3539 1261 3621 apostoliss

231 3657 264 3727 ἦ
288 3651 385 3714 Feria
399 3651 458 3725 .vi.,
472 3650 515 3713 de
525 3649 611 3713 festo
622 3648 849 3730 apostolorum
865 3648 1008 3732 Philippi
1022 3660 1056 3713 et
1068 3649 1191 3728 laoobi,
1203 3660 1237 3713 et
1248 3652 1394 3715 solennis

190 3739 350 3801 memoria
365 3738 408 3799 de
425 3737 631 3800 Ascensione
647 3737 809 3800 Domini.⁸

188 2156 268 2227 April
282 2155 336 2227 26.]

221 4110 231 4143 ¹
248 4113 377 4164 Secunde:
394 4131 441 4162 om.
455 4112 495 4174 87.
855 4110 867 4142 ²
882 4112 907 4162 ii.
921 4131 928 4162 :
945 4123 985 4174 97.

222 4176 233 4208 ⁸
248 4194 315 4228 vna:
332 4195 379 4228 om.
393 4178 435 4240 87,
447 4178 487 4228 88.

221 4242 275 4280 ’Δ
292 4244 325 4293 Et
336 4243 362 4293 in
373 4244 406 4294 vi
421 4244 481 4294 teria
490 4245 605 4295 dicantur
617 4243 784 4310 Responsoria
795 4243 828 4293 de
839 4242 864 4292 it
878 4243 948 4303 seria,
961 4258 1017 4293 eum
1032 4243 1108 4293 missa
1118 4242 1279 4294 dominimli:
1296 4256 1337 4308 97,
1350 4259 1391 4296 01.

221 4307 232 4337 ⁸
247 4309 415 4360 Ascensionis.
852 4306 864 4338 ⁶
879 4308 1010 4358 dieantur:
1028 4307 1070 4369 87,
1082 4307 1122 4358 88.

221 4372 233 4405 '¹
249 4374 295 4425 SS.
312 4375 394 4438 Philip
439 4382 464 4424 et
476 4376 577 4426 Iacobo.

222 4440 367 4503 ”Alleluya
402 4441 516 4490 .N0rrne
525 4457 567 4489 cor
575 4448 688 4489 nostrum
701 4439 797 4489 dicetur
807 4439 833 4488 in
845 4438 908 4488 sesto
918 4439 1087 4503 apostolorum
1106 4439 1216 4505 Philippi
1227 4450 1252 4490 et
1265 4441 1351 4491 laoobi

191 4504 249 4554 licet
261 4504 324 4554 infra
334 4515 398 4555 oeta.
412 4506 573 4557 Ascensionis
583 4504 700 4556 euenerit.
739 4505 815 4553 Crede
826 4506 877 4564 M„
889 4506 903 4565 5
917 4504 971 4564 106,
984 4520 1009 4569 p.
1024 4515 1064 4569 59.
