3326 5208
263 464 310 515 188
579 466 703 516 DIREC
706 466 731 515 T
730 465 858 516 ORIUM
887 465 930 513 SA
936 464 1090 514 CERDOT
1090 466 1152 515 UM.

303 625 337 695 1Ι
361 618 457 682 Feria
484 618 547 681 .νί.1
574 620 616 682 de
644 618 724 682 seria
746 666 754 682 .
777 627 811 681 et
846 617 1073 700 Responsoria
1099 617 1226 681 ferialia
1249 618 1416 696 dicuntur,
1440 630 1478 682 et

261 707 422 769 memoria
438 706 480 769 de
495 705 632 769 octauis.

303 824 337 893 (I
361 816 522 894 Sabbato‚
538 818 581 881 de
596 832 713 881 sancta
730 816 845 880 Maria

303 935 337 1005 1Ι
360 929 426 993 Vbi
445 928 528 993 liunt
543 940 609 992 tres
632 928 979 1003 commemorationes,
995 926 1029 990 in
1044 929 1094 992 .vi.
1111 929 1192 992 feria
1219 928 1278 993 fiat
1294 950 1359 993 vna
1380 950 1475 993 com-

260 1017 480 1080 memoratio.²
525 1017 571 1080 Et
586 1026 667 1080 tunc
682 1017 716 1079 in
731 1037 769 1079 .v.
785 1014 866 1079 leria
881 1015 1050 1079 dicuntur³
1066 1016 1293 1099 Responsoria
1308 1017 1442 1081 ferialia

261 1179 331 1232 Dec⁸
345 1146 384 1248 ψ’]
437 1132 471 1202 (Ι
495 1127 674 1228 Dominica
690 1128 729 1228 ii:
747 1126 936 1203 Aduentus,
959 1135 1032 1190 tota
1047 1136 1201 1228 cantetur
1223 1129 1379 1193 historia:
1404 1149 1473 1192 me.

438 1216 602 1278 monade
618 1224 755 1289 octaurs,
772 1222 805 1277 et
821 1214 864 1277 de
879 1222 996 1277 sancta
1013 1214 1144 1279 Maria*

303 1331 338 1402 ΙΙ
361 1326 498 1390 Festum
515 1326 622 1389 sancti
640 1326 808 1390 Osmundi
824 1324 996 1389 differatur
1012 1326 1045 1389 in
1061 1326 1253 1392 crastinum.

303 1443 337 1512 (I
362 1438 459 1502 Feria
473 1440 515 1504 ii.
529 1440 573 1502 de
588 1448 707 1502 sancto
722 1437 901 1502 Osmundo
916 1435 1115 1516 confessore,
1130 1439 1175 1502 ix.
1192 1438 1359 1504 lectiones.

261 1636 283 1699 d
303 1556 337 1625 (I
361 1550 389 1612 F
390 1551 458 1613 eria
472 1552 526 1616 iii.
541 1551 584 1615 de
600 1562 718 1613 sancto
735 1550 887 1627 Nicolao,
903 1550 1138 1614 Inuitatorium
1162 1551 1295 1634 triplex,
1311 1553 1473 1616 memoria

285 1656 304 1700 e
320 1638 457 1700 oetauis.

303 1754 337 1824 1Ι
361 1750 457 1813 Feria
472 1748 537 1813 iiii.
552 1749 595 1814 de
611 1749 697 1813 sesto
713 1749 799 1813 loci.¹

303 1867 337 1937 «Ι
361 1862 458 1925 Feria
480 1884 518 1926 .v.
543 1862 663 1926 lesturn
692 1861 931 1944 Conceptionis
955 1861 1052 1926 beate
1080 1861 1207 1937 Marie;
1231 1861 1378 1927 solennis
1404 1884 1475 1927 me-

261 1949 367 2012 moria
405 1948 441 2031 [h
471 1949 537 2032 .vi]
568 1952 611 2014 de
649 1949 820 2013 Aduentu.
887 1948 1153 2033 Completorium
1186 1949 1365 2014 Aduentus
1404 1971 1472 2014 non

261 2038 432 2111 mutatur,⁰
448 2036 522 2100 Nisi
545 2037 635 2119 quod
660 2037 693 2099 in
717 2034 783 2098 fine
805 2035 922 2117 hymni
945 2035 1077 2100 dicatur
1102 2035 1217 2100 Gloria
1241 2037 1304 2100 ribi
1322 2037 1472 2101 Domine.

261 2122 308 2185 Et
334 2124 502 2205 processio
529 2123 588 2187 fiat
612 2132 690 2186 ante
719 2123 862 2186 missam.
926 2123 965 2186 In
990 2123 1127 2187 introitu
1159 2124 1259 2201 chori,
1285 2124 1474 2207 antiphona

262 2208 426 2290 Conceptr'o
441 2220 506 2273 tua.
552 2210 608 2274 Ad
632 2210 796 2273 secundas
812 2229 977 2292 vesperas,
992 2210 1138 2291 hymnus
1153 2210 1229 2274 Aue
1250 2211 1356 2273 maris
1369 2211 1472 2274 stella.

302 2328 337 2399 4Ι
360 2323 388 2385 F
389 2323 458 2386 eria
472 2323 523 2385 .vi.
539 2323 582 2386 de
598 2322 687 2398 seria,
703 2341 779 2387 curn
797 2322 1024 2404 Responsorio
1040 2322 1168 2388 feriali.¹

303 2440 337 2509 (I
361 2433 522 2509 Sabbato,
533 2435 576 2497 de
589 2444 706 2498 sancta
719 2434 834 2497 Maria
869 2433 937 2497 Vbi
949 2435 1032 2498 fiunt
1044 2445 1111 2499 tres
1123 2434 1473 2513 commemorationes,

259 2518 293 2583 in
309 2522 359 2584 .vi.
376 2520 457 2585 seria
473 2520 531 2585 fiat
545 2541 611 2584 vna
627 2520 925 2585 commemoratio⁸

262 2638 331 2691 Dec.
349 2633 402 2706 ιι]
438 2638 472 2708 «Ι
496 2633 675 2697 Dominica
689 2633 753 2709 .iii.‚
767 2642 840 2696 tota
856 2643 1010 2696 cantetur
1024 2632 1184 2697 historia.¹

304 2751 338 2821 1Ι
362 2745 459 2809 Feria
481 2746 520 2808 .ii.
545 2745 589 2808 de
613 2744 701 2808 seria.
747 2745 975 2827 Responsoria
994 2745 1038 2808 de
1064 2746 1174 2828 primo
1197 2755 1371 2823 nocturno,
1393 2765 1471 2809 cum

261 2833 403 2916 propriis
419 2833 654 2915 Responsoriis
668 2833 728 2895 et¹⁰
743 2831 934 2895 laudibus.¹¹

303 2950 337 3020 «Ι
361 2945 459 3008 Feria
473 2945 524 3008 iii.
541 2946 584 3007 ‹le
599 2954 715 3007 sancta
732 2943 844 3020 Lucia,
859 2943 904 3006 ix.
921 2940 1088 3007 lectiones.
1132 2945 1281 3027 Vespere
1307 2954 1405 3009 erunt
1428 2945 1471 3007 de

262 3031 357 3109 leste,
373 3043 407 3094 et
423 3032 584 3094 memoria
599 3032 642 3094 de
659 3029 831 3107 Aduentu,
846 3040 880 3093 et
896 3033 939 3093 de
954 3041 1071 3094 sancta
1092 3031 1210 3096 Maria.

303 3150 337 3219 (I
361 3144 457 3206 Feria
472 3143 535 3206 ‚iiii
551 3144 594 3207 cle
618 3141 706 3206 seria.
765 3142 1000 3206 Inuitatorium
1025 3142 1132 3226 Prope
1154 3153 1209 3221 est,
1225 3163 1301 3206 cum
1329 3143 1473 3225 propriis

262 3231 497 3313 Responsoriis
513 3240 547 3314 et
568 3230 731 3293 laudibus.

304 3349 338 3418 (I
363 3343 459 3406 Feria
469 3363 506 3405 .v.
518 3341 561 3405 de
578 3341 666 3405 seria.
713 3341 947 3405 Inuitatorium
958 3341 1079 3423 Regem
1090 3351 1271 3405 venturum.
1318 3342 1473 3424 Respon-

259 3432 348 3494 soria
363 3430 406 3493 de
421 3430 570 3493 secundo
585 3439 748 3492 nocturno
763 3429 900 3492 historie
915 3429 1133 3492 dominicalis.

303 3547 338 3618 4Ι
362 3542 458 3605 Feria
489 3540 537 3604 .vi.
568 3541 611 3604 de
635 3541 750 3604 feria)¹
814 3538 1060 3604 Inuitatorium
1087 3539 1194 3623 Prope
1229 3549 1299 3604 est:
1336 3541 1472 3624 propria

262 3630 486 3712 Responsoria
502 3638 536 3690 et
552 3627 676 3691 laudes.

295 3808 304 3840 ¹
321 3827 345 3860 v.
359 3809 392 3859 vi.
406 3828 413 3860 r
431 3820 473 3872 97,
485 3823 526 3859 01.
694 3808 705 3841 ¹
722 3811 946 3862 commemoratio:
963 3828 1010 3861 om.
1025 3809 1066 3874 87,
1080 3810 1120 3861 88.
1253 3809 1264 3841 ³
1280 3811 1414 3862 dicentur:
1431 3808 1473 3860 88.

294 3874 349 3912 ⁴-¹
365 3875 437 3925 Feria
449 3874 474 3924 ii.
488 3875 520 3924 de
533 3875 596 3925 festo
607 3876 664 3926 loci.

329 3940 403 3990 Feria
414 3940 448 3990 iii.
462 3940 494 3989 de
506 3950 592 3990 sancto
604 3941 738 3999 Nicholno,
753 3941 927 3991 Inuitatorium
939 3941 1039 4018 triplex,
1052 3940 1172 3991 memoria
1184 3941 1216 3991 de
1227 3941 1329 3991 octnuis.

327 4005 400 4056 Feria
411 4021 454 4055 mr.
467 4007 500 4054 de
511 4006 615 4065 octenis,
630 4007 804 4056 Inuitatorium
816 4009 914 4073 triplex.
951 4007 987 4056 iir.
1007 4007 1126 4057 lectiones
1137 4023 1193 4056 cum
1207 4007 1302 4057 Missa:
1320 4005 1361 4068 87,
1375 4005 1416 4055 88.

295 4069 306 4100 ⁵
322 4080 347 4120 et
358 4070 434 4121 missa
445 4073 477 4120 de
488 4071 583 4120 octenis
593 4072 673 4122 sancti
684 4072 785 4122 Andree
797 4073 886 4122 dicitur
898 4072 923 4121 in
934 4072 1062 4137 capitulo:
1079 4074 1135 4121 add.
1149 4083 1192 4135 97,
1203 4084 1243 4121 οι.

295 4133 306 4165 ⁶
322 4136 469 4186 omittatur:
486 4136 527 4198 87,
541 4136 580 4186 88.

295 4199 306 4232 ¹
322 4201 428 4266 epistoln
440 4210 464 4250 et
476 4201 633 4266 euangelium
646 4202 756 4252 eiusdem
768 4202 844 4254 serie:
861 4204 917 4252 odd.
932 4213 973 4264 97,
985 4215 1026 4252 οι.

295 4264 306 4296 ⁸
322 4268 547 4318 commemoratio:
564 4284 610 4316 om.
625 4266 666 4329 87,
679 4267 719 4316 88.

295 4328 307 4361 ⁹
324 4333 391 4381 Nota
402 4332 469 4396 quod
482 4331 507 4380 in
519 4333 566 4381 hnc
578 4332 737 4382 hebdomoda
749 4334 818 4382 nulle
830 4332 889 4383 fient
901 4331 1170 4383 commemorationes:
1187 4334 1244 4381 adn·
1258 4343 1299 4394 97,
1311 4344 1352 4382 οι.

296 4394 316 4426 ¹⁰
334 4397 508 4462 Responsoriis
519 4408 562 4449 et:
579 4414 626 4447 om.
638 4396 679 4460 87,
693 4397 731 4447 88.
910 4396 928 4428 ¹¹
948 4398 1027 4448 Missa
1038 4399 1115 4447 Salus
1120 4399 1228 4461 populi:
1243 4398 1299 4446 adri.
1314 4408 1408 4459 9301.

296 4459 317 4491 ¹¹
332 4462 506 4578 ἀὲἱεῐίαςοηι.
518 4462 559 4577 817,
570 4461 609 4513 88.
643 4467 649 4490 ‘
661 4463 799 4529 Incipietur
810 4465 870 4513 Ant.
886 4464 1053 4528 OSapr'errtia.
1089 4462 1166 4512 Nulle
1174 4462 1293 4528 deinceps
1302 4462 1363 4513 fiant
1372 4459 1480 4527 preces,’

263 4537 311 4577 etc.
374 4544 424 4577 rev.
457 4545 496 4577 ar.
510 4544 523 4578 c
537 4545 567 4577 ιν.
1261 4562 1265 4567 -
