3316 5220
292 449 341 501 304
618 439 893 490 DIRECTORIUM
922 440 1190 492 SACERDOTUM.

333 597 368 667 (Ι
391 592 488 656 Feria
525 614 562 657 .v.
600 593 659 666 .vi,
696 602 730 657 et
767 591 918 670 sabbato,
955 594 999 658 de
1036 593 1167 658 ieiunio.
1213 594 1260 658 Et
1297 595 1331 657 in
1360 594 1509 660 sabbato

290 677 456 742 dicanturl
473 679 700 763 Responsoria
715 678 848 745 ferialia.

294 807 368 861 Mar.
384 803 419 876 1.]
465 800 500 870 (Ι
523 794 718 860 'Dominica
732 797 840 879 prima
855 797 1123 880 quadragesime,
1138 807 1249 862 totum
1268 797 1311 862 de
1326 798 1509 863 dominica.

335 921 370 991 (Ι
394 915 492 980 Feria
506 916 546 980 .ii.
563 917 606 979 de
621 888 740 980 sancto
757 916 895 982 Cedda:
919 917 963 982 ix.
980 917 1161 982 lectiones³

335 1041 370 1111 (Ι
394 1034 492 1099 Feria
506 1037 557 1102 .iii.
573 1037 618 1100 de
632 1046 750 1102 sancto
767 1037 899 1102 David:
923 1039 968 1102 ix.
984 1037 1166 1102 lectiones⁴

336 1160 371 1230 (Ι
393 1155 492 1219 Feria
502 1178 566 1221 rur.
576 1166 610 1222 et
625 1157 742 1222 ceteris
766 1156 854 1221 seriis
876 1178 935 1242 per
950 1157 1209 1236 hebdomadam,
1224 1160 1267 1222 de
1279 1161 1410 1225 ieiunio.
1458 1161 1508 1225 Et

294 1243 327 1306 in
344 1243 393 1307 .vi.
410 1242 491 1307 seria
506 1245 628 1308 dicitur
644 1245 907 1328 Responsorium
924 1245 1045 1309 feriale.

295 1374 368 1428 Mar.
382 1370 419 1443 8.]
465 1369 500 1439 (Ι
524 1364 702 1427 Dominica
717 1364 757 1429 .ii.
773 1364 1038 1447 quadragesime,
1054 1374 1163 1429 totum
1179 1365 1223 1429 de
1239 1366 1415 1431 dominica

337 1492 371 1563 (Ι
395 1486 491 1550 Feria
506 1484 545 1549 .ii.
561 1493 595 1549 et
610 1485 728 1549 ceteris
752 1484 840 1548 feriis
863 1505 922 1567 per
945 1483 1203 1563 hebdomadam,
1218 1487 1261 1549 de
1284 1487 1416 1551 ieiunio.
1467 1488 1509 1550 ln

294 1573 358 1638 .iiii.
369 1572 449 1636 seria
461 1572 737 1655 diciturprimum
748 1572 1012 1653 Responsorium
1023 1571 1146 1649 feriale,
1158 1584 1192 1637 et
1203 1572 1293 1637 aliud
1307 1574 1341 1636 in
1353 1573 1509 1651 sabbato,

294 1681 369 1723 cum
386 1659 613 1742 Responsorio
628 1658 740 1735 Pater,
747 1658 885 1740 peccaui.

337 1778 491 1856 [Feria
529 1799 566 1843 .v.
603 1778 648 1841 de
683 1787 800 1842 sancto
838 1777 1001 1861 Gregorio
1037 1798 1135 1862 papa,
1181 1778 1324 1843 Inferius
1365 1780 1509 1864 duplex.

295 1865 489 1950 Capitulum
515 1865 596 1928 Ecce
617 1865 770 1942 sacerdos,
794 1874 829 1929 et
855 1865 1002 1929 solennis
1029 1866 1191 1930 memoria
1215 1865 1258 1930 de
1285 1866 1427 1931 ieiunio:
1460 1868 1511 1931 ix.

296 1953 454 2016 lectiones
469 1952 541 2016 sine
557 1952 779 2033 expositione.
1495 1985 1498 1989 .

297 2085 370 2141 Mar.
386 2082 440 2155 15.]
471 2079 505 2150 (Ι
527 2072 719 2136 ‘Dominica
734 2072 786 2137 .iii.
803 2071 1067 2156 quadragesime,
1082 2082 1191 2136 totum
1208 2071 1250 2137 de
1262 2074 1439 2139 dominica

339 2200 375 2270 (Ι
397 2194 495 2260 Feria
509 2193 549 2258 .ii.
562 2193 615 2257 .iii.
626 2201 661 2257 et
677 2213 716 2257 .v.
732 2192 773 2256 de
787 2192 917 2258 ieiunio.
963 2192 1122 2257 Feriaiii.
1139 2192 1260 2257 dicitur
1276 2192 1419 2275 primum
1439 2195 1512 2258 Re·

296 2282 507 2364 sponsorium
525 2279 646 2357 feriale,
661 2288 697 2343 et
709 2279 777 2343 alia
791 2281 860 2343 duo
877 2279 1103 2362 Responsoria
1118 2278 1245 2343 ferialia
1260 2280 1294 2343 in
1309 2301 1340 2344 ,ν
1354 2280 1445 2345 seria

339 2406 374 2476 (Ι
397 2400 494 2464 Feria
504 2400 568 2464 .iiii.
581 2399 623 2463 de
638 2408 756 2463 sancto
772 2398 949 2463 Edwardo.
995 2397 1051 2463 Ad
1063 2419 1227 2481 vesperas,
1238 2399 1423 2483 antiphona
1440 2401 1514 2465 Istc

294 2497 432 2551 sanctus.
478 2486 670 2570 Capitulum
686 2486 809 2549 Beatus
823 2486 886 2565 vir,
900 2487 961 2568 qui
973 2486 1009 2549 in
1023 2486 1207 2568 sapienta.-
1233 2487 1511 2571 Responsorium.

294 2575 418 2638 Beatus
430 2574 494 2653 vir,
508 2574 569 2657 qui
578 2572 702 2668 suffert.

313 2692 371 2787 .(Ι
396 2686 493 2750 Feria
519 2686 567 2751 .vi.
593 2687 637 2750 de
662 2694 779 2750 sancto
801 2684 1010 2751 Cuthberto:
1026 2684 1072 2749 ix.
1096 2685 1256 2750 lectiones
1280 2687 1351 2750 sine
1366 2689 1509 2770 exposi-

296 2783 397 2837 trone.

313 2891 373 2986 ⁸(1
397 2884 558 3008 {abbam
582 2886 625 2950 de
648 2894 766 2949 sancto
791 2884 993 2948 Benedicto:
1020 2883 1065 2948 ix.
1093 2883 1252 2949 lectiones
1275 2886 1347 2949 sine
1367 2889 1510 2971 exposi-

297 2981 396 3036 trone.

298 3088 371 3143 Mar.
385 3084 440 3157 aa]
471 3082 505 3153 (Ι
528 3075 720 3140 ‘Dominica
735 3074 798 3139 .iiii.
813 3074 1079 3157 quadragesime,
1089 3084 1200 3139 totum
1215 3077 1259 3140 de
1273 3076 1451 3141 dominica.

329 3226 486 3279 ldicuntur:
538 3241 599 3288 ‚on

329 3292 341 3324 ⁹
356 3289 388 3364 ff
404 3238 540 3345 Domini⁹ch
550 3292 631 3357 prima
642 3294 689 3351 xlc,
702 3292 733 3342 de
745 3290 871 3353 [semicio]
881 3290 1034 3342 dominicali.
1046 3302 1071 3341 et
1082 3291 1171 3342 festum
1180 3291 1260 3343 sancti
1271 3293 1356 3343 Dauid
1366 3292 1511 3356 diffedatur

428 3360 606 3476 vsqueadhp.
620 3360 715 3410 feriam.
739 3372 791 3436 Ι77.

329 3428 341 3459 ³
357 3428 437 3479 oratio
448 3437 474 3478 et
484 3437 566 3477 cetera
594 3440 761 3476 ecommum:
778 3426 835 3475 add
848 3435 890 3487 97,
906 3437 946 3475 ot.

330 3493 342 3524 ⁴
358 3494 395 3545 St.
411 3493 504 3553 David,
516 3491 745 3557 tramscrrcdsrom
757 3490 859 3554 Sunday
870 3497 894 3538 to
905 3489 1031 3554 Tuesday‚
1045 3491 1109 3540 Mar.
1124 3491 1177 3554 3rd.

364 3560 438 3610 Feria
446 3559 471 3625 ij.
483 3560 515 3608 de
521 3566 608 3607 sancto
617 3556 705 3607 Cedda
713 3556 745 3605 ix.
756 3554 871 3616 [leceion.
881 3555 965 3605 oracio
973 3565 998 3605 et
1004 3557 1097 3616 cetera]
1103 3556 1135 3606 de
1143 3556 1269 3606 communi
1276 3557 1348 3609 vuius
1356 3558 1510 3611 confessoris

397 3626 444 3687 [et]
454 3622 596 3690 pontilicis3
613 3630 639 3672 et
649 3621 687 3682 [in
698 3620 730 3671 vi.
745 3620 816 3681 seria]
826 3620 941 3670 dieantur
951 3620 1110 3686 responsoria
1120 3621 1221 3672 ferialia„
1258 3634 1297 3685 77.

410 3688 556 3752 [Dominica
567 3687 591 3752 ij.
605 3685 802 3753 quadragesime.
816 3686 859 3746 [de
870 3685 985 3747 seruieio]
996 3685 1162 3747 dominicali]

365 3761 375 3822 [
391 3760 419 3821 n]
430 3757 473 3822 iiij.
488 3755 548 3805 seria
558 3754 655 3804 dentur
666 3752 773 3818 primum
784 3751 978 3818 resiponsoriurn
990 3752 1094 3814 feriale]‚
1107 3762 1133 3802 et
1143 3752 1212 3802 aliud
1223 3752 1261 3814 [in
1272 3754 1387 3816 sabbalo]
1398 3770 1455 3805 cum
1469 3772 1507 3807 re·

430 3840 442 3873 s
477 3820 560 3870 nsorio
573 3821 651 3868 Pater
656 3818 766 3881 peccaui.
802 3827 841 3878 77.

331 3886 342 3918 ³
361 3890 397 3950 “[
471 3884 579 3937 ominica
590 3884 624 3950 iij.
638 3881 844 3949 quadragesime.
858 3883 890 3932 de
900 3881 1016 3943 seruieio]
1026 3881 1178 3932 dominicali.

366 3956 397 4005 ln
405 3958 448 4024 iuj.
460 3954 623 4006 ieriadioetur
631 3952 658 4014 [i.
670 3951 853 4018 responsorium
861 3949 953 4000 feriale.
963 3960 986 4000 et
995 3950 1055 4012 alia]
1064 3952 1114 4001 duo
1122 3951 1148 4000 in
1156 3968 1179 4001 v.
1188 3952 1277 4003 feria.”
1310 3965 1349 4016 77.

330 4024 342 4057 ⁶
358 4021 395 4073 St.
411 4025 497 4074 Benet
532 4018 598 4068 Vide
609 4033 693 4083 supra,
706 4033 731 4083 p.
746 4029 803 4079 292,
815 4017 862 4066 sub
873 4015 922 4065 xxi.
937 4016 1001 4066 Mer.

330 4091 342 4126 Ἰ
358 4083 400 4158 Μ
417 4084 551 4138 Dominioa
562 4084 605 4150 iiij.
617 4085 654 4133 nle
665 4083 698 4133 de
708 4081 814 4132 seruicio
823 4080 987 4131 dominicali.
1001 4081 1037 4142 el]
1054 4082 1080 4130 in
1092 4098 1115 4132 v.
1130 4081 1191 4132 feria
1207 4081 1304 4134 dicatur
1321 4084 1506 4150 responsorium

431 4155 523 4206 feriale.

363 4219 546 4294 [Dominioe
567 4218 593 4267 in
615 4217 740 4282 passione,
764 4215 795 4264 de
818 4213 923 4265 seruicio
948 4212 1101 4275 dominicali,
1125 4223 1150 4266 et
1175 4215 1265 4267 festum
1292 4218 1372 4269 sancti
1402 4219 1506 4270 Ricardi

431 4289 558 4339 diflerarur
569 4301 647 4350 vsque
657 4284 691 4333 ad
702 4281 893 4333 translacionem
905 4280 965 4331 eius.

367 4359 400 4407 Et
411 4357 438 4408 in
449 4354 484 4418 iij.
498 4351 559 4402 teria
571 4349 727 4415 responsoria
738 4345 840 4399 feriale†
851 4346 943 4412 pariter
954 4355 1092 4397 cantentur.

364 4420 396 4494 (Ι
413 4416 547 4472 Dominica
564 4415 591 4465 in
609 4414 697 4464 Remis
713 4414 860 4479 palmarum,
873 4411 905 4462 de
916 4410 1021 4462 seruicio
1037 4411 1189 4463 dominicali.
1226 4414 1268 4464 Ad
1281 4416 1300 4481 j.
1315 4431 1439 4481 vesperas,
1457 4432 1506 4482 que

430 4497 501 4541 erunt
509 4487 541 4537 de
550 4482 684 4543 dominica,
692 4482 735 4533 liat
743 4480 1279 4535 solennisrnemoriadesenctoAmbrosio.’'
1313 4496 1352 4547 77.
