3330 5218
289 478 323 527 60
609 478 884 529 DIRECTORIUM
901 478 1169 530 SACERDOTUM.

289 628 383 783 233¹
399 630 484 781 {curt
499 631 542 695 ad
559 631 683 714 primas
699 652 854 714 vesperas
870 678 878 695 .
894 633 1055 695 memoria
1070 633 1113 696 de
1127 632 1252 696 sanctis
1269 631 1434 695 Medardo
1458 643 1495 696 et

322 738 332 780 1
371 738 406 780 ar
430 738 460 782 o.

331 856 366 927 (Ι
389 849 486 913 Feria
500 872 538 913 .v.
561 851 604 913 de
623 853 765 929 octaua,³
789 851 1022 915 Inuitatorium
1039 851 1185 934 triplex.
1202 852 1310 915 medie
1334 852 1497 915 lectiones

289 936 332 1000 de
369 937 515 1000 sanctis.⁴
575 938 614 1001 In
653 938 808 1002 laudibus
851 958 968 1002 omnes
1005 939 1188 1021 antiphone
1225 940 1381 1003 dicuntur
1410 988 1417 1001 .
1447 939 1491 1001 ad

289 1025 454 1087 secundas
497 1045 652 1106 vesperas
696 1024 904 1107 Antiphone,
950 1026 1123 1107 Sapientia
1154 1048 1161 1087 :
1191 1025 1339 1107 psalmus
1392 1025 1493 1088 Dr'eit

290 1110 463 1188 Dominus,
507 1124 541 1174 et
585 1112 685 1174 ceteri
729 1123 766 1176 vt
802 1133 911 1195 supra.
969 1113 1128 1195 Hymnus
1168 1111 1283 1176 Sacris
1317 1113 1493 1176 solenniis.

289 1197 467 1261 versiculus
476 1197 603 1260 Panem
614 1198 654 1261 de
662 1199 724 1261 celo
731 1199 931 1280 prestitisti.
948 1200 1108 1263 memoria
1118 1200 1160 1262 de
1176 1210 1293 1263 sancto
1309 1199 1496 1264 Edmundo

289 1295 323 1350 et
338 1285 381 1348 de
397 1285 619 1367 martyribus.⁵

330 1427 365 1498 (Ι
388 1421 482 1484 Feria
494 1422 544 1485 .vi.
559 1422 602 1484 de
613 1432 731 1486 sancto
744 1423 935 1487 Edmund0.
974 1424 1206 1487 Inuitatorium
1218 1423 1342 1506 triplex
1359 1474 1366 1489 .
1383 1424 1494 1487 medie

290 1508 447 1571 lectiones
463 1509 506 1571 de
521 1509 736 1591 martyribus⁵
750 1530 825 1573 cum
842 1511 1002 1574 versiculo
1018 1521 1052 1574 et
1074 1512 1296 1593 responsoriol
1319 1512 1361 1574 de
1384 1513 1493 1593 primo

288 1604 451 1658 nocturno
481 1595 698 1678 plurimorum
730 1607 921 1678 martyrum.
974 1598 1031 1661 Ad
1056 1598 1136 1660 istas
1160 1599 1341 1661 matutinas
1363 1599 1498 1661 dicatur

289 1682 438 1764 psalmus
452 1681 515 1745 At
527 1692 555 1744 te
569 1683 687 1747 leuaui.
732 1683 790 1747 Ad
805 1704 970 1771 vesperas,
985 1685 1146 1748 memoria
1160 1687 1204 1748 de
1222 1695 1337 1748 sancta
1361 1684 1469 1748 Maria
1486 1736 1492 1747 .

288 1790 364 1833 cum
380 1769 564 1851 antiphona
580 1769 651 1834 Sub
666 1780 766 1834 tuam.

330 1906 365 1977 (Ι
389 1899 549 1975 sabbato,
579 1902 621 1965 de
644 1911 761 1966 sancta
796 1902 912 1965 Maria.
966 1902 1023 1965 Ad
1054 1923 1218 1984 vesperas,
1251 1904 1412 1967 memoria
1449 1904 1497 1967 de

288 1988 465 2064 dominica,
481 1997 515 2050 et
530 1988 573 2050 de
588 1988 762 2064 Trinitate‚
778 2000 812 2053 et
827 1990 994 2072 processio
1010 1987 1070 2053 fiat
1084 1999 1163 2053 ante
1178 2010 1317 2052 crucem.

464 2130 498 2199 (Ι
522 2125 700 2188 Dominica
723 2126 754 2188 ii.
777 2129 899 2189 totum⁷
927 2126 970 2188 de
996 2136 1114 2189 sancto
1138 2126 1292 2189 Barnaba
1314 2126 1495 2208 apostolo,

286 2296 344 2358 T·
371 2295 378 2308 ι
460 2211 699 2332 8Inuitatorium
737 2213 871 2294 triplex,
908 2214 1067 2276 memoria
1104 2213 1146 2275 de
1176 2214 1352 2289 dominica,
1384 2224 1417 2276 et
1448 2214 1491 2276 de

318 2306 457 2360 rrnitate

286 2175 360 2244 June
375 2170 428 2243 ιι]

330 2439 364 2508 (Ι
387 2433 484 2497 Feria
499 2435 537 2497 .ii.
554 2436 597 2499 de
613 2435 826 2517 martyribus⁹
842 2486 849 2499 .
865 2437 908 2500 iii.
924 2436 1090 2500 lectiones.

328 2575 363 2646 (Ι
386 2570 482 2634 Feria
497 2572 549 2634 ,iii
564 2574 606 2636 de
622 2573 706 2635 lesto
722 2573 795 2636 loci.

329 2713 364 2785 (Ι
387 2705 484 2772 Feria
506 2710 569 2772 iiii.
594 2710 636 2772 de
662 2720 780 2773 sancto
811 2709 943 2786 Basilio,
973 2710 1016 2772 iii.
1032 2710 1197 2775 lectiones.
1249 2709 1498 2774 lnuitatorium.

287 2794 433 2877 simplex
449 2846 456 2858 .
472 2795 604 2859 ¹⁰Missa
619 2798 682 2860 erit
697 2797 739 2860 de
755 2797 956 2860 dominica.¹⁰
998 2868 1002 2878 Ι

328 2936 363 3008 (Ι
387 2932 483 2994 Feria
498 2954 537 2995 .v.
550 2933 592 2996 de
604 2933 727 2996 sanctis
739 2933 865 2997 Vitoet
876 2932 1058 2997 Modesto¹¹
1076 2957 1083 2996 :
1098 2932 1278 2996 versiculus
1291 2943 1324 2996 et
1339 2933 1496 3014 Respon-

286 3019 372 3080 soria
389 3019 430 3081 de
445 3020 593 3083 secundo
608 3031 778 3084 nocturno.

331 3161 365 3230 (Ι
389 3156 417 3217 F
419 3156 485 3218 eria
501 3157 548 3218 .vi.
565 3156 607 3219 de
622 3166 738 3219 sancto
754 3155 931 3233 Richardo,
947 3156 991 3219 ix.
1008 3155 1167 3219 lectiones
1185 3178 1192 3217 :
1209 3155 1318 3217 medie
1333 3154 1496 3217 lectiones

288 3241 331 3304 de
347 3243 572 3324 martyribus¹⁹
588 3264 663 3306 cum
673 3242 835 3307 versiculo
845 3251 878 3305 et
895 3243 1129 3325 Responsoriis
1145 3242 1187 3304 de
1203 3243 1306 3304 tercio
1322 3251 1493 3305 nocturno.

332 3385 366 3454 (Ι
389 3379 548 3457 sabbato,
578 3379 620 3442 de
652 3390 769 3443 sancta
808 3380 924 3443 Maria.
984 3380 1042 3443 Ad
1072 3400 1228 3462 vesperas
1259 3379 1420 3441 memoria
1450 3377 1495 3440 de

290 3465 518 3548 martyribus¹³
548 3468 647 3530 etde
677 3467 852 3543 Trinitate‚
875 3477 908 3530 et
932 3467 1098 3549 processio
1129 3476 1207 3529 ante
1237 3485 1378 3529 crucem.
1422 3464 1492 3527 Vbi

289 3551 373 3617 fiunt
396 3563 462 3616 tres
489 3555 833 3631 commemorationes
859 3554 892 3617 in
919 3555 983 3618 .iiii.
1011 3554 1091 3616 feria
1116 3552 1197 3616 fiet¹⁴
1224 3573 1290 3616 vna
1311 3571 1494 3614 commem-

288 3640 404 3715 oratio,
432 3651 465 3703 et
489 3642 649 3704 memoria
670 3644 713 3704 de
735 3651 853 3704 sancto
870 3641 1007 3704 Blasio¹³
1022 3642 1180 3722 episcopo
1199 3664 1205 3702 :
1222 3638 1280 3703 1“et
1296 3650 1375 3703 tunc
1392 3640 1495 3701 missa

290 3727 499 3790 dominicalis
514 3728 644 3791 dicatur
666 3728 699 3791 in
716 3728 754 3791 .ii.
772 3727 860 3805 feria,
875 3748 937 3812 pro
952 3747 1083 3790 summa
1099 3728 1234 3790 missa.¹⁰

320 4066 330 4098 ¹
347 4068 425 4118 fiant:
443 4084 489 4118 om.
504 4066 543 4130 87,
557 4067 597 4117 88.
1080 4065 1092 4097 ²
1108 4066 1286 4131 Edwardosor
1295 4066 1435 4117 Gildardo:
1453 4064 1496 4115 88.

321 4131 332 4164 ³
348 4133 467 4198 Corporis
479 4132 580 4183 Christi.
1082 4130 1093 4162 ⁴
1110 4133 1156 4183 SS.
1171 4133 1296 4182 Medardo
1306 4140 1330 4181 el
1343 4131 1474 4181 Gildardo.

321 4197 332 4228 ⁶
349 4199 395 4249 SS.
412 4199 495 4248 Primo
506 4208 531 4248 et
543 4196 681 4249 Feliciano.
1084 4195 1095 4228 ⁸
1112 4197 1302 4262 Responsoriis:
1320 4196 1359 4257 87,
1375 4196 1413 4247 88.

321 4263 332 4296 ⁷
349 4272 417 4313 tota:
436 4263 474 4313 88.
763 4260 774 4294 ⁸
790 4262 866 4313 missa
876 4261 1035 4313 dominicalis
1045 4262 1135 4313 dicitur
1146 4263 1172 4312 in
1183 4263 1311 4327 capitulo:
1328 4263 1383 4310 astri
1395 4271 1437 4323 97,
1450 4274 1495 4313 01·

321 4328 332 4359 ¹³
349 4329 395 4380 SS.
410 4329 527 4388 Basilide,
540 4327 627 4378 Cirino
638 4337 663 4377 et
675 4328 785 4377 Nobore.
1086 4326 1160 4364 ¹⁰-¹⁰
1175 4345 1241 4377 om.:
1259 4338 1300 4389 97,
1313 4340 1353 4376 01.

322 4392 342 4424 1¹
359 4394 408 4444 See
419 4410 467 4443 sec.
481 4396 513 4443 A.
528 4393 589 4443 seria
599 4394 631 4458 vj.
681 4401 703 4443 st
712 4392 729 4443 i.
743 4393 810 4443 dom.
825 4392 896 4444 Trio.
910 4394 987 4454 (Wm.
997 4394 1041 4452 C.)
1087 4392 1108 4423 ¹²
1124 4394 1169 4444 SS.
1184 4393 1268 4443 Cirico
1279 4402 1304 4442 et
1318 4392 1410 4441 lulitla.

323 4457 344 4489 ¹³
360 4459 406 4509 SS.
422 4460 510 4509 Marco
522 4467 547 4508 et
559 4460 645 4508 Marce
656 4458 732 4509 liano.
1088 4457 1108 4488 ¹⁴
1125 4459 1184 4508 fiat:
1202 4458 1242 4508 88.

323 4522 343 4554 ¹⁶
361 4523 472 4574 Basilio:
490 4524 531 4585 87,
545 4523 584 4573 88.
1085 4521 1158 4561 ¹⁰-¹⁶
1173 4541 1239 4573 om.:
1256 4533 1298 4586 97,
1310 4535 1350 4573 01.
