3310 5206
503 737 691 822 §emotum
708 742 749 806 A.
765 743 857 807 xviii.
873 764 929 806 xv.
944 765 978 807 x.
995 744 1047 807 vii.

220 894 372 979 [Epacte
386 914 417 975 4,
431 896 463 974 6,
477 911 507 975 7,
521 913 543 974 9
556 895 638 976 stylo
652 895 787 978 antiquo
796 920 812 972 ‚·
839 912 888 974 12,
906 913 953 978 13,
973 914 1022 976 14,
1040 910 1088 976 15,
1109 896 1156 975 16,
1177 912 1224 977 17,
1244 897 1282 960 18
1296 895 1379 976 stylo

174 982 334 1046 moderno.
351 983 487 1058 Pascha,
501 982 609 1065 April.
626 981 669 1065 2.]

588 1103 710 1186 Incipit
723 1103 907 1167 secundum
923 1103 966 1167 A.

491 1238 628 1303 lVando
652 1239 730 1303 luna
753 1241 853 1302 currit
869 1260 928 1322 per
949 1237 998 1315 ii.†
1019 1241 1072 1303 vii.
1089 1261 1123 1303 x.
1140 1261 1194 1302 xv.
1209 1238 1262 1302 vel
1278 1238 1376 1301 ,xviii

173 1290 238 1359 1²¹²
255 1286 309 1359 ¹⁵]
361 1238 485 1409 [Q]
533 1335 568 1389 et
583 1327 693 1390 littera
704 1326 913 1390 dominicalis
927 1329 971 1390 A.
987 1337 1065 1390 tunc
1082 1327 1261 1390 Dominica
1270 1326 1378 1408 prima

174 1421 254 1495 post
269 1421 407 1476 octauas
425 1413 614 1497 Epiphanie
629 1413 694 1476 vel¹
709 1414 801 1476 xviii.
816 1414 977 1477 kalendas
993 1413 1156 1491 februarii,
1170 1413 1228 1477 Ad
1252 1414 1376 1496 primas

173 1519 332 1581 vesperas
358 1500 543 1583 antiphona
565 1500 762 1577 Benedictus,
787 1521 863 1563 cum
888 1502 1004 1564 ceteris
1028 1500 1228 1583 antiphonis.
1278 1499 1378 1582 Capi·

175 1586 286 1649 tulum
316 1586 508 1651 Benedictus
530 1587 715 1651 Dominus.⁸
766 1589 1028 1671 Respoosorium
1059 1588 1151 1651 Deus
1178 1586 1239 1669 qui
1265 1586 1380 1649 sedus:

176 1674 341 1737 memoria
355 1684 486 1737 tantum
502 1676 544 1737 de
555 1684 672 1738 sancto
689 1675 817 1752 Mauro,
827 1684 862 1738 et
873 1674 917 1738 de
931 1685 1047 1738 sancta
1063 1675 1178 1740 Maria
1218 1675 1258 1737 In
1274 1672 1379 1737 laudi·

176 1761 252 1836 bus,
280 1779 399 1825 omnes
434 1761 617 1844 antiphone
647 1761 803 1825 dicuntur
819 1785 826 1824 :
844 1763 1004 1826 memoria
1033 1764 1075 1825 de
1105 1769 1222 1825 sancta
1260 1760 1377 1823 Maria

176 1846 348 1912 Secunde⁴
376 1867 514 1931 vespere
543 1857 640 1912 erunt
668 1851 712 1912 de
740 1848 917 1926 dominica,
940 1859 974 1913 et
1005 1850 1163 1913 memoria
1189 1848 1233 1912 de
1261 1856 1379 1911 sancto

176 1934 349 2013 Marcelle,
364 1936 456 1999 etde
471 1945 587 1998 sancta
604 1935 720 2001 Maria.

221 2061 258 2131 {1
280 2055 378 2119 Feria
398 2056 439 2119 .ii.
462 2055 505 2119 de
526 2065 643 2119 sancto
666 2055 835 2120 Marcello.
882 2057 1114 2121 Inuitatorium
1136 2055 1291 2140 simplex,
1313 2065 1380 2120 tres

177 2141 350 2205 lectiones
403 2142 606 2225 Capitulum
662 2143 779 2209 Omnis
803 2144 976 2225 pontifex:
1008 2144 1168 2208 memoria
1191 2146 1234 2207 de
1264 2151 1381 2207 sancta

179 2229 300 2306 Maria,
314 2238 349 2293 et
364 2228 407 2292 de
422 2228 589 2294 Omnibus
606 2229 746 2295 Sanctis
791 2230 958 2295 Secunde⁴
972 2252 1109 2315 vespere
1124 2242 1222 2296 erunt
1236 2233 1279 2294 de
1294 2229 1381 2294 sesto

177 2315 254 2393 loci,
268 2326 303 2379 et
319 2316 479 2380 memoria
494 2317 536 2381 de
551 2326 669 2380 sancto
684 2315 843 2401 Sulpicio,
857 2328 892 2381 et
907 2318 950 2382 de
965 2329 1082 2383 sancta
1098 2319 1214 2382 Maria

221 2439 258 2509 01
278 2432 391 2496 'Feria
404 2433 456 2496 iii.
472 2433 515 2497 de
531 2432 617 2497 festo
631 2432 712 2497 loci:
735 2434 895 2498 memoria
916 2435 960 2499 de
981 2445 1099 2500 sancto
1121 2435 1274 2519 Sulpitio,
1289 2443 1323 2497 et
1338 2433 1382 2497 de

177 2529 296 2583 sancta
327 2520 445 2584 Maria
500 2520 668 2585 Secunde⁶
694 2540 830 2602 vespere
859 2532 956 2586 erunt
984 2524 1029 2587 de
1057 2532 1174 2586 sancta
1204 2521 1320 2598 Maria,
1345 2530 1381 2583 et

178 2607 341 2671 memoria
355 2607 397 2670 de
412 2616 529 2671 sancta
545 2607 656 2671 Prisca
670 2609 795 2693 virgine
809 2618 845 2672 et
860 2620 1012 2692 martyre.

222 2854 257 2924 (Ι
280 2847 377 2910 Feria
398 2870 438 2912 .v.
459 2848 503 2912 de
524 2858 642 2913 sancto
664 2849 843 2913 Wulstano
866 2850 1025 2933 episcopo
1050 2860 1084 2913 et
1107 2848 1304 2925 consessore,
1325 2847 1381 2910 ix.

175 2935 339 2998 lectiones
354 2936 396 2998 de
419 2936 596 2999 communi.
641 2934 808 3000 Secunde⁴
830 2957 966 3020 vespere
991 2947 1088 3001 erunt
1113 2937 1156 3001 de
1180 2934 1381 3018 martyribus

179 3021 332 3085 Fabiano
354 3031 388 3085 et
413 3021 621 3087 Sebastiano.
666 3023 858 3107 Capitulum
880 3024 1047 3088 Iustorum
1069 3024 1197 3087 anime:
1220 3023 1381 3087 memoria

177 3112 223 3174 de
238 3117 355 3172 sancto
370 3109 557 3185 Wulstano,
573 3119 608 3173 et
622 3109 666 3173 de
676 3121 792 3174 sancta
809 3112 925 3175 Maria

223 3236 258 3306 (1
280 3230 378 3293 Feria
391 3231 442 3294 .vi.
454 3232 496 3295 de
512 3232 712 3313 martyribus
728 3232 879 3296 Fabiano
894 3242 928 3295 et
944 3230 1144 3296 Sebastiano
1155 3231 1209 3294 ix.
1221 3229 1382 3294 lectiones

176 3327 215 3381 et
230 3317 390 3380 memoria
404 3317 447 3381 de
461 3328 578 3383 sancta
595 3319 710 3382 Maria
755 3318 921 3384 Secunde⁴
936 3339 1073 3403 vespere
1088 3327 1185 3383 erunt
1200 3318 1243 3382 de
1265 3325 1380 3380 sancta

177 3403 560 3557 gggteetszncfaaffitgrrlitssm
579 3404 776 3490 Confitebnr:
799 3406 898 3489 me[b.
924 3406 1076 3490 v.]moria
1101 3406 1144 3470 de
1168 3404 1381 3487 martyribus

222 3617 257 3687 (1
279 3609 438 3690 Sabbato,
454 3612 496 3675 de
519 3621 636 3676 sancta
656 3612 800 3696 Agnete,
815 3613 869 3676 ix.
886 3612 1052 3689 lectiones,
1066 3612 1138 3675 sine
1160 3611 1380 3695 expositione.

176 3707 213 3762 et
228 3699 388 3761 memoria
403 3700 446 3761 de
469 3708 585 3762 sancta
608 3700 724 3763 Maria
769 3698 827 3762 Ad
850 3701 1026 3764 secundas⁴
1042 3719 1204 3782 vesperas,
1221 3699 1379 3761 memoria

177 3786 222 3848 de
247 3794 365 3848 sancta
388 3785 532 3867 Agnete,
555 3796 589 3849 et
615 3787 657 3849 de
681 3787 856 3861 dominica,
881 3797 915 3850 et
939 3788 982 3849 de
1007 3797 1123 3850 sancta
1151 3785 1266 3850 Maria
1310 3784 1379 3848 Vbi

178 3870 264 3935 fiunt
278 3881 345 3936 tres
360 3873 701 3950 commemorationes,
716 3874 748 3936 in
765 3873 912 3937 secunda
927 3872 1008 3937 feria
1023 3873 1079 3936 fiet
1095 3873 1233 3954 prima⁸z
1255 3880 1378 3935 ettunc

210 4047 220 4079 ¹
237 4050 359 4100 Praeda
371 4052 401 4100 in
417 4060 449 4113 97
466 4051 522 4099 and
533 4063 563 4100 o1
585 4052 616 4115 by
636 4049 706 4101 Nota
724 4052 792 4116 quod
813 4051 915 4117 qumodo
935 4052 997 4100 hora
1013 4051 1089 4101 currit
1111 4066 1155 4115 per
1175 4065 1226 4109 xv„
1249 4058 1275 4100 et
1296 4049 1379 4099 littera

175 4114 336 4167 dominicalis
346 4118 370 4165 A
382 4126 407 4165 et
419 4116 445 4165 in
462 4117 550 4165 eodem
567 4132 635 4166 anno
651 4116 723 4167 fuerit
740 4119 858 4176 bisextus,
876 4125 936 4166 tunc
946 4116 1082 4180 accipiatur
1099 4116 1133 4164 iii
1146 4117 1181 4165 A.
1217 4115 1303 4174 (θνα).
1316 4116 1374 4163 Sar.

176 4181 222 4228 but
237 4180 301 4228 walt
311 4198 328 4229 a
345 4181 422 4244 slight
439 4182 589 4241 variatim.)
746 4180 763 4233 †
779 4184 834 4231 The
854 4183 954 4231 Golden
974 4183 1078 4230 number
1099 4184 1116 4206 ‘⁶
1126 4180 1202 4230 ii.”is
1220 4182 1379 4244 erroneously

177 4245 267 4311 placed
278 4246 337 4295 here
344 4245 370 4295 in
381 4246 424 4296 the
435 4246 551 4305 editions,
563 4246 614 4296 and
625 4247 702 4312 ought
714 4256 740 4296 to
751 4248 782 4297 be
793 4247 906 4297 omitted.
944 4248 967 4295 It
979 4248 1082 4310 belongs
1093 4255 1120 4295 to
1131 4247 1251 4295 Primum
1262 4246 1294 4294 Α

209 4308 222 4339 ¹
237 4312 339 4362 notvel.
351 4329 358 4361 ι
369 4312 471 4360 buthoc
482 4322 536 4362 est:
554 4323 595 4373 97,
607 4325 648 4362 o1.
684 4312 777 4363 scilicet
780 4314 830 4378 sor
838 4313 895 4361 vel:
913 4311 954 4373 87,
967 4310 1008 4371 88,
1021 4313 1064 4375 leg.
1081 4311 1152 4360 ‘via’

208 4373 314 4426 ⁸deus:
331 4375 382 4437 873
398 4378 453 4435 ds.;
470 4374 510 4426 88.
837 4377 848 4407 ⁴
865 4377 994 4427 Secunde:
1011 4394 1058 4426 om.
1072 4375 1113 4438 87,
1126 4375 1165 4425 88.

209 4437 264 4476 ’Δ
278 4457 325 4490 ont.
339 4440 379 4503 87,
393 4441 433 4492 88.
840 4441 851 4474 ⁷
868 4443 894 4493 S.
909 4442 1033 4503 Fabiano,
1045 4452 1092 4492 etc.

208 4503 279 4555 ⁸fiat
289 4522 358 4557 una:
375 4505 417 4568 87,
428 4504 469 4556 88.

1183 4587 1247 4636 ΕΖ
