3372 5224
295 451 341 491 122
610 445 884 496 DIRECTORIUM
901 446 1169 498 SACERDOTUM.

336 601 371 671 01
394 596 490 659 Feria
523 597 586 660 ‚iiii
622 598 665 661 de
691 598 779 661 scria„
836 599 1099 681 Responsorium
1125 600 1168 663 de
1194 599 1234 663 ii.
1259 600 1347 664 seria.
1371 598 1497 662 scilicet

292 680 430 764 Dignus
443 704 483 747 es.
531 684 635 748 Missa
650 684 868 749 dominicalis.

334 819 369 889 (Ι
392 804 489 866 Feria
504 825 549 880 .v.‚
566 804 608 868 de
623 805 709 868 festo
725 804 1002 870 Annuntiationis
1017 805 1117 871 beate
1133 806 1248 873 Marie.

335 928 370 999 (I
393 924 490 986 Feria
504 925 553 988 .vi.
570 925 613 988 de
628 924 714 989 festo
730 925 801 989 loci.

336 1049 371 1119 {I
394 1043 554 1122 Sabbato,
566 1046 608 1107 de
619 1055 734 1109 sancta
748 1045 864 1110 Maria.
898 1047 966 1111 Vbi
980 1045 1064 1110 fiunt
1076 1056 1143 1109 tres
1154 1048 1499 1123 commemorationes,

294 1130 327 1191 in
343 1131 407 1194 iiii.
424 1130 503 1194 seria
519 1131 577 1195 fiat
593 1153 657 1195 vna
672 1133 955 1197 commemoratio.
1001 1135 1050 1198 Et
1068 1144 1149 1197 tunc
1171 1137 1273 1198 missa
1288 1135 1496 1199 dominicalis

293 1216 415 1281 dicitur
429 1219 461 1280 ln
478 1219 633 1302 capitulo.
678 1217 737 1283 Ad
752 1240 909 1302 vesperas
920 1220 979 1284 fiat
995 1221 1170 1303 processio.

469 1344 504 1415 (I
527 1339 706 1402 Dominica
729 1340 768 1402 ii.
794 1349 871 1423 post
896 1342 1021 1417 Pasca‚¹
1045 1341 1088 1404 de
1118 1341 1256 1404 seruiclo
1285 1340 1498 1405 dominicali:

469 1426 608 1489 tercium
620 1426 882 1509 Responsorium
898 1448 919 1491 a
934 1427 1064 1492 duobus
1081 1437 1240 1493 cantetur.
1289 1429 1327 1492 ln
1344 1428 1498 1492 laudibus

293 1528 359 1572 vna
373 1513 565 1593 antiphona,

292 1386 373 1456 April
388 1385 441 1459 10.]

336 1636 371 1706 01
394 1632 490 1695 Feria
519 1633 559 1696 .ii.
591 1633 633 1697 de
662 1632 749 1697 feria„
806 1634 1082 1716 Responsorium²
1113 1635 1156 1698 de
1185 1635 1225 1699 ii.
1253 1634 1342 1709 feria.
1372 1635 1497 1699 scilicet

291 1716 427 1800 Dignus
440 1740 481 1783 es.
527 1720 632 1783 Missa
647 1720 863 1784 dominicalis.

335 1843 370 1914 (l
394 1840 492 1903 Feria
506 1841 557 1903 iii.
573 1841 616 1903 de
632 1840 718 1904 sesto
734 1840 806 1904 loci.

291 1964 371 2107 LQI
395 1960 492 2083 Fepia
515 1979 578 2024 um.
605 1960 648 2023 de
673 1960 781 2025 seria«
806 1961 1084 2043 Responsorium²
1111 1964 1154 2027 de
1180 1963 1230 2026 iii.
1257 1962 1347 2042 seria,
1372 1962 1497 2027 scilicet

323 2056 440 2109 ocutus.

291 2250 302 2314 l
336 2167 492 2243 {Feria
518 2190 555 2231 .v.
579 2170 622 2230 de
649 2177 766 2232 sancto
796 2167 975 2250 Tyburci0,
1008 2169 1241 2234 Inuitatorium
1271 2168 1409 2253 duplex,
1431 2177 1498 2233 tres

303 2263 457 2317 ectrones.

337 2381 370 2452 εἷ
394 2376 491 2438 Feria
514 2376 565 2439 .vi.
591 2377 635 2439 dc
657 2376 745 2439 seria.
801 2377 1077 2458 Responsorium²
1099 2379 1141 2441 de
1163 2377 1226 2441 iiii.
1249 2376 1348 2441 feria:
1371 2375 1498 2441 scilicet

302 2460 382 2526 Vidi
386 2465 542 2544 portam.³

335 2588 370 2659 (l
393 2583 561 2662 Sabbat0,·
576 2585 619 2648 de
641 2592 758 2647 sancta
774 2583 883 2647 Maria
899 2633 906 2648 .
922 2594 957 2647 et
972 2585 1137 2665 processio
1152 2586 1209 2649 ad⁴
1220 2605 1384 2668 vesperas.
1428 2583 1496 2647 Vbi

295 2668 379 2733 fiunt
394 2680 461 2733 tres
475 2671 819 2746 commemorationes,
837 2672 870 2735 in
886 2671 936 2735 .vi.
953 2671 1033 2735 feria
1046 2671 1104 2735 fiat
1118 2692 1184 2735 vna
1199 2672 1481 2735 commemoratio.

469 2798 504 2869 (Ι
528 2791 706 2855 Dominica
735 2793 787 2858 iii.
818 2801 894 2875 post
922 2792 1034 2869 Pasca,
1061 2793 1103 2855 de
1126 2793 1266 2857 seruicio
1289 2792 1499 2856 dominicali.

471 2880 625 2942 Tercium
643 2879 1081 2962 Responsoriumaduobus
1092 2890 1254 2943 cantetur.
1294 2880 1332 2942 ln
1344 2879 1498 2942 laudibus

294 2984 360 3028 vna
374 2964 566 3047 antiphona,

292 2840 373 2912 April
388 2839 441 2912 17.]

292 3086 492 3235 dlllferpa
529 3086 568 3150 ,ii
604 3087 647 3149 de
683 3085 771 3150 seria.
833 3086 1095 3169 Responsorium
1131 3087 1266 3170 Dignus
1296 3108 1337 3150 es.
1394 3086 1499 3149 Missa

318 3192 460 3235 omrmca
473 3194 509 3237 rs

336 3299 371 3370 ΙΙ
394 3295 490 3357 Feria
516 3294 568 3356 .iii.
593 3293 635 3356 de
662 3302 779 3357 sancto
804 3293 974 3377 Alphcgo,
1003 3294 1236 3357 Inuitatorium
1261 3294 1409 3377 duplex:
1432 3303 1498 3356 tres

293 3379 451 3444 lectiones
463 3382 506 3444 de
521 3381 699 3444 communi.
745 3380 936 3463 Capitulum
955 3380 1073 3446 Omnis
1079 3381 1237 3461 pontifex.

336 3506 369 3577 ΙΙ
394 3501 489 3563 Feria
505 3501 566 3564 iiii.
583 3501 625 3564 de
642 3499 731 3563 seria.
778 3500 1041 3582 Responsorium
1056 3499 1204 3563 Locutus.

336 3627 369 3698 εἷ
394 3621 490 3684 Feria
506 3643 542 3684 .v.
559 3621 601 3684 de
618 3619 703 3684 sesto
719 3619 790 3683 loci.

335 3748 370 3818 (Ι
392 3742 421 3804 F
423 3742 490 3805 eria
505 3743 555 3805 .vi.
571 3743 614 3806 de
630 3750 746 3804 sancta
763 3740 879 3830 Maria.

336 3868 371 3938 01
394 3860 553 3938 sabbato,
569 3862 613 3925 de
635 3870 751 3925 sancto
776 3861 929 3943 Georgi0,
953 3860 1062 3923 minus
1085 3859 1222 3944 duplex.
1268 3859 1325 3923 Ad
1344 3878 1499 3942 vesperas

294 3949 455 4012 memoria
482 3950 524 4012 de
549 3948 725 4023 dominica,
752 3957 787 4011 et
811 3948 976 4031 processio
1003 3947 1069 4011 fiat.
1115 3948 1182 4010 Vbi
1208 3946 1292 4010 fiunt
1317 3957 1383 4009 tres
1407 3965 1497 4008 com-

294 4037 558 4113 memorationes,
581 4037 614 4098 in
637 4036 701 4099 .iiii.
725 4035 805 4098 feria
828 4034 886 4098 fiat
909 4055 975 4099 vna
997 4034 1295 4098 commemoratio:
1318 4043 1352 4096 et
1367 4043 1447 4098 tunc
1463 4033 1496 4095 in

293 4124 332 4186 .ii.
349 4122 430 4186 seria
444 4123 612 4187 dicuntur⁶
628 4122 854 4204 Responsoria
869 4121 912 4186 de
926 4122 990 4185 .iiii.
1007 4122 1095 4185 seria.

324 4357 334 4389 ¹
399 4366 408 4408 t
421 4359 514 4409 Pascat
530 4376 577 4408 utri.
592 4358 632 4421 87,
646 4357 685 4408 88.
993 4358 1176 4422 Responsoria:
1194 4356 1234 4407 88,

325 4422 336 4518 ἰ
376 4425 466 4489 pistola
477 4434 501 4474 et
513 4424 670 4488 euangelium
681 4422 792 4474 ciusdem
804 4422 881 4473 serie:
898 4424 955 4473 add.
968 4434 1063 4516 37301.

352 4490 395 4539 fiat
407 4489 483 4554 before
494 4491 543 4541 ad:
562 4489 602 4552 87,
616 4489 655 4539 88.
994 4489 1126 4538 droanlur:
1144 4487 1183 4538 88.
