3330 5218
574 870 756 958 [Quintum
780 874 824 937 A.
848 874 920 937 xix.
943 874 1018 938 viii)

245 1115 376 1197 Epacte
416 1129 462 1193 17,
503 1115 550 1190 18,
582 1112 663 1194 stylo
692 1114 853 1196 antrouoe
891 1126 941 1194 25,
972 1076 1037 1191 26,δ
1056 1130 1105 1194 27,
1135 1115 1217 1197 stylo
1247 1114 1398 1178 moderno

288 1200 426 1276 Pascha,
443 1200 549 1283 April.
566 1198 676 1282 xxiii]
1395 1232 1400 1237 ·

242 1379 277 1450 (Ι
299 1370 451 1437 Sabbato
467 1372 499 1434 in
516 1371 661 1434 crastino
676 1370 864 1453 epiphanie,
876 1370 919 1434 de
937 1380 1055 1434 sancta
1072 1371 1188 1445 Maria,
1201 1382 1235 1436 et
1246 1372 1406 1435 memoria

376 1460 419 1522 de
435 1461 602 1541 martyre.²
655 1457 713 1521 Ad
729 1458 983 1541 completorium
1000 1459 1120 1522 dicitur
1135 1458 1285 1542 psalmus
1303 1458 1366 1521 Ad
1376 1469 1406 1521 to

200 1511 262 1580 Jan'
279 1506 332 1580 ¹5']
377 1545 490 1608 leuoui
527 1545 627 1609 mviii.
666 1545 827 1609 kalendas
865 1545 1020 1608 februarii
1059 1546 1235 1609 inchoetur
1267 1545 1406 1609 historia

200 1632 342 1695 Domine
353 1653 394 1694 ne
405 1634 440 1695 in
453 1633 528 1710 iro,8
544 1633 654 1695 medie
670 1632 829 1695 lectiones
841 1632 884 1695 de
900 1643 1018 1695 sancto
1030 1632 1159 1696 Mauro.
1200 1633 1238 1696 In
1253 1632 1406 1696 laudibus

200 1739 318 1782 omnes
342 1718 526 1802 antiphone
553 1721 717 1796 dicuntur,
740 1728 774 1782 et
797 1720 862 1783 due
885 1721 1054 1798 memorie,
1076 1720 1202 1783 scilicet
1224 1720 1267 1783 de
1289 1729 1406 1783 sancto

201 1806 330 1882 Mauro,
345 1814 380 1870 et
396 1807 439 1869 de
455 1815 572 1871 sancta
589 1807 707 1869 Maria.

241 1931 275 2001 (Ι
299 1926 397 1988 Feria
421 1927 459 1991 .ii.
486 1926 529 1987 de
554 1936 672 1988 sancto
700 1925 870 1999 Marcello,
901 1925 1135 1989 Inuitatorium
1167 1925 1323 2007 simplex,
1352 1925 1404 1988 iii.

199 2012 367 2076 lectiones
413 2011 606 2095 Capitulum
627 2011 745 2077 Omnis
761 2014 916 2094 pontifex,
931 2013 1111 2077 versiculus
1127 2023 1161 2076 et
1178 2012 1405 2096 Responsoria

199 2099 241 2163 de
257 2102 367 2183 primo
382 2112 545 2163 nocturno
560 2100 657 2162 vnius
674 2100 838 2182 martyris.

242 2226 276 2296 (Ι
300 2219 397 2282 Feria
412 2220 464 2283 .iii.
480 2220 523 2283 de
539 2220 625 2283 sesto
641 2219 714 2284 loci.

242 2346 276 2416 (Ι
300 2340 397 2403 Feria
419 2341 482 2403 ‚iiii
505 2342 547 2404 de
569 2350 687 2403 sancta
710 2341 826 2415 Maria,
849 2343 896 2403 et⁴
918 2341 1078 2404 memoria
1093 2341 1136 2405 de
1151 2351 1269 2404 sancta
1285 2340 1405 2403 Prisca.

201 2428 267 2491 Vbi
292 2425 377 2489 fiunt
399 2437 466 2491 tres
481 2428 828 2505 commemorationes,
844 2429 876 2490 in
893 2429 931 2491 ‚ii
949 2427 1030 2491 seria
1045 2426 1103 2491 fiat
1119 2448 1185 2492 vna
1199 2447 1405 2492 commemo·

200 2515 285 2579 ratio
300 2524 335 2578 et
351 2515 511 2577 memoria
526 2513 569 2577 de
586 2525 740 2596 martyre.

242 2641 276 2710 (Ι
300 2636 398 2698 Feria
427 2657 465 2698 .v.
496 2635 539 2697 de
568 2646 687 2698 sancto
716 2634 904 2711 Wulstano,
934 2636 989 2697 ix.
1020 2635 1189 2712 lectiones,
1219 2635 1332 2697 omnia
1362 2633 1406 2696 de

201 2742 379 2785 commum.

243 2847 277 2917 (Ι
301 2841 398 2905 Feria
413 2842 517 2906 ‚vide
534 2842 734 2924 martyribus
748 2840 899 2905 Fabiano
915 2852 948 2905 et
966 2840 1174 2906 Sebastiano,
1211 2841 1405 2923 Capitulum

201 2929 367 2993 Iustorrerrr
382 2929 499 2992 anime.

243 3055 278 3124 (Ι
300 3048 460 3124 Sabbato,
490 3049 532 3111 de
562 3059 679 3112 sancta
715 3048 862 3132 Agnete,
897 3049 952 3111 ix.
984 3048 1152 3112 lectiones.
1212 3047 1406 3131 Capitulum

205 3135 389 3219 Corrfitebor.
452 3136 510 3200 Ad
548 3155 705 3218 vesperas
744 3135 906 3199 memoria
947 3135 990 3198 de
1028 3147 1147 3200 sancta
1182 3134 1328 3217 Agnete,
1365 3134 1407 3197 de

202 3223 380 3301 dominica,
394 3232 428 3287 et
444 3223 487 3286 de
501 3233 618 3286 sancta
635 3221 753 3287 Maria.

377 3348 412 3419 (Ι
435 3342 614 3406 Dominica
630 3342 677 3419 ii,
694 3351 803 3406 totum
819 3343 862 3406 de
873 3352 991 3406 sancto
1002 3342 1190 3415 Vincentio,
1200 3350 1235 3406 et
1247 3342 1409 3406 memoria

203 3394 264 3463 5³¹³
278 3390 335 3463 κ’]
378 3431 422 3493 de
437 3429 613 3505 dominica,
630 3439 665 3492 et
679 3430 722 3494 de
737 3437 854 3493 sancta
871 3430 986 3492 Maria

245 3555 280 3626 (Ι
303 3549 400 3615 Feria
415 3549 454 3613 ,it
470 3549 513 3614 de
528 3549 610 3613 seria
627 3549 728 3613 illius⁵
743 3549 833 3614 ferie.
879 3549 985 3614 Missa
1000 3548 1219 3614 dominicalis.

244 3676 279 3747 (Ι
301 3670 399 3734 Feria
414 3668 465 3733 iii.
481 3669 523 3734 de
539 3670 625 3734 sesto
640 3669 712 3734 loci.

246 3918 279 3989 (Ι
304 3910 402 3975 Feria
415 3933 453 3974 .ν.
470 3911 513 3976 de
528 3910 609 3975 seria
624 3911 724 3975 illius³
741 3910 828 3988 ierie,
844 3921 878 3976 et
894 3913 995 3975 missa
1009 3911 1072 3976 ,iiii
1088 3911 1176 3975 serie.

245 4038 279 4108 (Ι
303 4032 400 4095 Feria
422 4032 472 4096 .vi.
498 4033 541 4095 de
563 4042 681 4095 sancto
706 4031 844 4095 Iuliano.
892 4032 1124 4096 Inuitatorium
1149 4033 1288 4115 duplex,
1309 4031 1409 4115 Capi·

203 4119 311 4183 tulum
327 4119 407 4182 Ecce
420 4118 574 4182 sacerdos.
610 4176 614 4183 .

235 4270 248 4367 ζ
263 4272 388 4388 guissetffi
397 4274 431 4322 A.
445 4271 495 4322 xire
509 4271 560 4322 viii.
574 4272 703 4323 subbato:
720 4269 762 4334 87,
774 4270 815 4322 88.

237 4375 378 4453 ⁸Historia
389 4374 570 4478 ‘Epistolnmm
593 4403 630 4478 D
652 4401 731 4462 Pauli,
750 4402 869 4461 Domine,
891 4417 923 4451 ne
944 4403 974 4451 r'n
996 4403 1056 4453 iro:
1081 4418 1110 4453 so
1125 4401 1207 4453 called
1223 4402 1286 4453 from
1304 4402 1335 4453 its
1357 4402 1410 4453 first

205 4467 640 4584 wammam.
826 4528 1315 4598 *nommaromnnuzoras
