3330 5218
282 438 315 501 84
620 436 719 487 DIRE
722 436 772 487 CT
770 436 895 487 ORIUM
912 435 1181 489 SACERDOTUM.

325 597 360 668 (Ι
383 591 480 655 Feria
495 590 558 655 iiii.
582 591 624 654 de
650 598 768 653 sancto
794 589 974 654 Gordiano.
1021 590 1256 654 Inuitatorium
1282 589 1419 672 duplex,
1434 588 1485 653 iii.

283 678 450 743 lectiones.
496 676 689 777 Capitulum
705 676 831 740 Reddet
844 677 943 740 Deus.

325 804 360 875 (Ι
384 797 480 863 Feria
508 820 545 863 .v.
576 798 618 862 de
648 797 744 861 seriis.
813 797 1038 881 Responsoria
1074 797 1117 862 de
1146 796 1210 861 iiii.
1242 796 1330 874 seria,
1359 795 1486 861 scilicet

292 885 373 950 Vidi
381 894 517 968 portam.
563 885 667 949 Missa
682 884 744 947 iiii.
761 883 848 948 serie.

326 1012 361 1083 (Ι
385 1007 481 1071 Feria
495 1006 543 1069 ‚vi
566 1004 609 1068 de
633 1004 831 1087 martyribus
856 1005 966 1069 Nereo
988 1013 1022 1068 et
1046 1004 1207 1068 Achilleo.
1255 1004 1485 1068 Inuitatorium

284 1093 420 1177 duplex.
465 1092 657 1176 Capitulum
675 1091 796 1157 Sancti
796 1101 861 1172 per
863 1091 977 1174 fidem.

284 1214 296 1271 .’
325 1220 360 1291 (Ι
383 1213 541 1289 Sabbato,
572 1213 615 1276 de
645 1220 761 1276 sancta
786 1211 902 1288 Maria,
918 1221 952 1276 et
977 1211 1144 1294 processio
1170 1211 1228 1276 fiat
1254 1213 1300 1276 ad
1322 1232 1485 1294 vesperas.

283 1301 349 1365 Vbi
373 1300 455 1365 fiunt
477 1311 544 1364 tres
565 1299 907 1375 commemorationes,
923 1299 956 1361 in
972 1301 1023 1362 .v.¹
1038 1298 1117 1362 seria
1132 1298 1191 1363 fiat
1205 1317 1271 1362 vna
1285 1318 1486 1362 commemo·

285 1389 369 1452 ratio
384 1409 391 1466 ;
415 1398 449 1452 et
465 1389 557 1451 tunc⁹
573 1387 606 1450 in
623 1386 663 1449 .ii.
679 1386 760 1449 seria
775 1386 966 1468 precedenti
989 1395 1166 1450 cantentur
1189 1386 1414 1469 Responsoria
1430 1386 1485 1450 ³de

284 1475 346 1540 iiii.
363 1475 452 1551 feria,
474 1474 555 1538 Vidi
559 1475 713 1555 portam.⁴

372 1642 425 1715 ,ι
460 1595 704 1763 agulla
723 1594 1040 1764 lamiae.
1053 1591 1487 1745 hatthlllsslffll

285 1766 437 1830 laudibus
453 1788 519 1831 vna
534 1768 726 1851 antiphona.

326 1893 361 1964 (Ι
385 1887 482 1951 Feria
504 1887 547 1951 ni.
576 1888 619 1950 de
646 1886 735 1951 seria
782 1887 1043 1970 Responsorium
1070 1887 1227 1951 Narrabo
1255 1907 1330 1951 cum
1358 1887 1488 1950 duobus

284 1975 509 2057 sequentibus,
526 1975 627 2038 missa
642 1973 858 2037 dominicalis.

326 2101 361 2172 (Ι
384 2095 481 2159 Feria
491 2095 541 2158 .iii.
552 2095 594 2158 de
607 2094 695 2159 seria
741 2095 967 2177 Responsoria
982 2094 1151 2158 decadem
1168 2094 1256 2171 seria,
1269 2095 1370 2158 missa
1387 2094 1490 2159 Salus

276 2182 396 2265 populi.
1158 2259 1159 2262 Ἴ

326 2309 360 2379 (Ι
384 2302 481 2366 Feria
507 2301 570 2366 ‚iiii
597 2301 640 2367 de
664 2301 752 2366 seria.
808 2302 1034 2385 Responsoria
1055 2303 1097 2367 de
1121 2303 1239 2366 eadem
1263 2301 1342 2366 seria
1364 2302 1488 2366 scilicet

283 2390 397 2453 Deduc
410 2410 467 2465 mr,
485 2389 585 2453 missa
601 2390 643 2453 de
658 2389 775 2453 eadem
793 2388 881 2453 feria.

326 2516 361 2587 (Ι
384 2509 482 2573 Feria
496 2530 534 2573 .v.
550 2511 592 2574 de
609 2508 695 2573 sesto
710 2508 783 2573 loci.

305 2636 360 2732 Ι(Ι
384 2630 481 2694 Feria
491 2629 544 2694 ⁴.vi.
560 2629 602 2692 de
618 2637 736 2693 sancto
753 2629 939 2707 Dunstano,
951 2639 986 2693 et
1002 2629 1162 2693 memoria
1177 2630 1220 2694 de
1234 2638 1351 2693 sancta
1368 2627 1488 2693 Potenss

284 2737 386 2781 ciana

326 2843 360 2913 (Ι
384 2835 542 2912 Sabbato,
559 2835 602 2900 de
626 2845 743 2900 sancta
769 2835 885 2913 Maria,
912 2845 945 2899 et
973 2836 1140 2920 processio
1163 2838 1205 2900 ad
1230 2855 1393 2919 vesperas.
1420 2835 1488 2899 Vbi

284 2920 369 2988 fiunt
383 2933 450 2987 tres
466 2923 809 2999 commemorationes,
826 2923 859 2986 in
876 2922 927 2985 iii.
943 2922 1024 2985 seria
1040 2922 1099 2987 fiat
1113 2943 1179 2987 vna
1195 2922 1488 3001 commemoratio;

283 3022 317 3076 et
340 3020 419 3074 tunc
444 3011 477 3074 in
501 3010 562 3073 iiii.
590 3009 670 3072 seria
694 3010 848 3073 dicuntur
876 3010 1102 3092 Responsoria
1126 3009 1169 3074 de
1185 3011 1235 3073 ,iii
1259 3009 1347 3085 feria,
1363 3009 1487 3073 scilicet

283 3097 465 3178 Hymnum,
481 3117 557 3160 cum
574 3097 705 3161 duobus
721 3097 944 3180 sequentibus.

285 3267 316 3321 M
368 3268 402 3322 ‚6
459 3223 493 3293 (Ι
516 3218 695 3281 Dominica
717 3239 754 3281 .v.
777 3226 886 3282 totum
911 3217 954 3281 de
976 3216 1116 3281 seruicio
1132 3217 1331 3290 dominicali,
1348 3216 1485 3280 tercium

318 3285 383 3337 ay.
403 3264 423 3337 ¹]
461 3304 721 3386 Responsorium
738 3326 759 3367 a
773 3304 904 3368 duobus
925 3314 1085 3368 cantetur.
1133 3305 1169 3368 In
1195 3304 1347 3367 laudibus
1370 3323 1487 3366 omnes

283 3389 466 3473 antiphone
496 3391 656 3454 dicantur.
719 3392 758 3455 In
788 3392 999 3475 processione
1028 3400 1107 3455 ante
1137 3393 1272 3454 missam
1302 3390 1487 3472 antiphona

285 3475 383 3577 Sedit
409 3478 552 3626 langelus,
589 3478 628 3541 ln
654 3478 790 3542 introitu
815 3479 905 3542 chori
940 3477 1093 3543 Clmktus
1122 3498 1300 3560 resurgens,
1322 3496 1398 3541 cum
1422 3496 1484 3539 suo

283 3584 409 3627 versrcu
423 3584 452 3627 o.

326 3688 361 3759 (Ι
384 3683 480 3747 Feria
495 3684 535 3746 ii.
552 3684 788 3765 Rogatianum,
805 3687 847 3748 de
869 3684 957 3759 seria,
981 3704 1056 3748 cum
1080 3684 1292 3768 expositione
1313 3683 1485 3766 euangelii.

286 3770 513 3853 Responsoria
534 3771 577 3834 de
593 3771 634 3834 .ii.
651 3772 738 3849 feria,
755 3771 879 3835 scilicet
895 3771 1058 3847 Narrabo,
1074 3791 1149 3835 cum
1173 3772 1304 3835 duobus
1319 3770 1486 3852 sequenti·

284 3856 356 3920 bus.
402 3857 507 3921 Missa
530 3858 736 3922 dominicalis
762 3860 824 3922 erit
849 3878 980 3922 summa
1007 3859 1115 3921 missa.
1166 3858 1272 3922 Missa
1297 3858 1340 3921 de
1364 3858 1485 3920 ieiunio

284 3943 412 4007 dicatur
427 3945 461 4007 in
477 3946 693 4026 processione.

317 4278 326 4311 1
361 4280 366 4292 ·
389 4298 396 4313 .

317 4297 375 4381 ¹³-vl'
387 4278 457 4395 ingili’.
467 4278 531 4395 legiia
548 4345 691 4411 precedenti
702 4354 831 4396 cantentur
843 4345 1009 4410 Responsoria
1025 4345 1057 4397 de
1074 4346 1099 4396 ii.
1121 4345 1182 4396 serie
1199 4346 1293 4396 scilicet
1305 4347 1409 4409 Dr'gma
1419 4362 1443 4395 rs
1459 4355 1484 4395 et

286 4410 453 4487 Responsoria
463 4411 495 4461 de
506 4410 540 4486 iii.
554 4411 615 4461 feria
626 4421 650 4460 et
662 4411 693 4461 de
705 4411 748 4486 iiii.
754 4411 861 4526 penitus
870 4411 1017 4461 omittantur
1028 4428 1074 4476 pro
1085 4411 1132 4488 isto
1142 4427 1227 4462 anno:
1245 4411 1285 4473 87,
1298 4410 1337 4460 88.

317 4474 370 4512 ’Δ
386 4476 418 4527 de
429 4492 454 4526 ιι,
468 4475 528 4526 lena
539 4484 564 4526 et
577 4477 744 4538 Responsoria
772 4493 785 4527 e
797 4486 869 4527 tertia
881 4486 906 4526 et
916 4486 1004 4542 quarta
1015 4486 1227 4542 pretermittantur
1238 4495 1245 4527 ι
1257 4488 1298 4538 97,
1310 4489 1350 4526 οι.
