3326 5208
672 447 836 498 serrum
854 446 887 495 a.
1344 442 1391 506 189

220 610 256 680 (Ι
279 602 440 680 Sabbato,
464 602 506 665 de
533 601 621 666 seria
668 600 901 664 Inuitatorium
926 598 1033 680 Prope
1055 607 1124 661 est:
1146 599 1281 681 propria
1308 599 1391 662 Res·

176 693 336 774 ponsoria
351 700 385 753 et
400 690 525 753 laudes.
1024 708 1028 717 ’

175 810 249 862 Dee
266 803 320 876 18.]
352 810 386 879 (Ι
410 802 589 865 Dominica
604 800 668 863 iiii.
685 799 874 875 Aduentus‚
890 808 962 861 tota
977 807 1130 862 cantetur
1146 798 1293 860 historia.

222 924 256 994 (Ι
280 917 377 980 Feria
391 916 430 977 ii.
447 915 490 978 de
505 913 591 977 festo
607 913 679 976 loci.

222 1036 257 1106 (Ι
281 1030 378 1093 Feria
393 1028 444 1090 iii.
460 1027 503 1090 de
519 1025 608 1089 seria
654 1025 760 1087 Missa
773 1023 817 1086 de
832 1023 945 1105 vigilia
960 1024 1068 1087 sancti
1084 1022 1235 1086 Thome.¹

223 1149 257 1218 (Ι
281 1142 379 1204 Feria
394 1139 458 1202 iiii.
473 1139 516 1201 de
531 1147 649 1201 sancto
664 1136 806 1200 Thoma
853 1135 995 1198 Inferius
1009 1135 1146 1218 duplex.

223 1260 258 1330 (Ι
282 1255 310 1317 F
312 1254 380 1317 eria
395 1274 434 1316 .v.
449 1252 492 1314 de
508 1250 596 1315 feria
641 1248 867 1331 Responsoria
882 1249 925 1310 de
940 1249 1088 1311 secundo
1104 1259 1276 1311 nocturno.

225 1373 259 1443 (Ι
283 1367 380 1429 Feria
394 1365 443 1428 .vi.
458 1365 502 1427 de
517 1373 634 1425 sancta
651 1361 767 1424 Maria

225 1484 259 1554 (Ι
281 1478 349 1541 Vbi
366 1476 451 1540 fiunt
473 1486 540 1540 tres
562 1473 908 1550 commemorationes,
924 1473 956 1534 in
973 1493 1010 1535 .v.
1027 1470 1108 1534 seria
1131 1470 1188 1535 fiat
1211 1492 1277 1535 vna
1299 1492 1392 1536 corn·

180 1566 403 1629 memoratio,¹

224 1685 258 1754 (Ι
281 1676 441 1749 Sabbat0,
451 1673 495 1737 de
505 1674 618 1754 vigilia
635 1672 831 1737 Natiuitatis
844 1670 990 1733 Domini
1022 1670 1078 1733 Ad
1089 1671 1214 1752 primas
1225 1692 1390 1754 vesperas,

177 1765 366 1848 antiphone
387 1773 423 1825 et
444 1760 564 1843 psalmi
587 1760 725 1823 feriales
770 1757 973 1840 Capitulum,
988 1757 1031 1819 ln
1054 1758 1166 1821 dr'cbns
1187 1758 1262 1822 illei.
1309 1760 1391 1822 Res·

182 1852 385 1935 ponsorium,
409 1849 574 1913 Festina.
598 1846 759 1911 memoria
779 1845 821 1908 de
843 1862 961 1908 sancta
987 1845 1104 1922 Maria,
1127 1846 1312 1928 antiphona
1338 1847 1392 1909 Ne

177 1940 305 2003 amas.

357 2047 603 2198 'QIDominica
632 2045 757 2109 scilicet
788 2044 998 2108 Natiuitatis³
1034 2044 1183 2122 Domini,
1209 2045 1391 2128 principale

372 2145 491 2199 estum.

224 2254 258 2324 (Ι
282 2247 380 2311 Feria
394 2247 433 2309 .ii.
449 2246 491 2309 de
506 2254 624 2308 sancto
640 2243 823 2326 Stephano,

222 2367 256 2436 (Ι
280 2360 378 2423 Feria
392 2358 443 2422 iii.
459 2358 502 2420 de
516 2366 633 2420 sancto
651 2355 809 2418 iohanne.

181 2102 254 2155 Dec
267 2115 282 2154 2
287 2097 324 2170 5.]

224 2591 258 2660 (Ι
282 2584 379 2647 Feria
394 2604 434 2646 .v.
450 2582 493 2645 de
507 2589 625 2644 sancto
640 2578 782 2644 Thoma

224 2703 259 2774 (Ι
282 2696 379 2760 Feria
415 2694 465 2760 .vi.
494 2693 538 2757 de
574 2692 715 2755 seruicio
744 2703 949 2765 octauarum,
979 2700 1046 2754 tres
1083 2690 1276 2755 lectiones:
1313 2713 1389 2757 cum

66 2836 72 2846 .
178 2784 342 2867 regimine
352 2782 450 2846 chori.
498 2780 537 2843 ln
554 2779 709 2843 laudibus
723 2798 790 2841 vna
805 2777 998 2859 antiphona

225 2902 259 2972 (Ι
281 2894 433 2959 Sabbato
448 2891 492 2956 de
506 2901 624 2955 sancto
637 2889 809 2965 Siluestro,
825 2889 870 2951 ix.
886 2887 1054 2953 lectiones.
1100 2889 1146 2954 Et
1173 2889 1254 2954 fiant
1282 2893 1389 2956 medie

181 2985 341 3048 lectiones
356 2983 399 3045 de
414 2980 591 3043 natiuitate
607 2977 756 3053 Domini,
770 2996 847 3039 cum
864 2976 1026 3039 versiculo
1042 2985 1076 3040 et
1099 2976 1333 3060 Responsoriis
1347 2980 1390 3042 de

177 3070 331 3134 secundo
347 3067 531 3131 nocturno.⁵

358 3186 392 3255 (Ι
416 3178 603 3250 Dominica.
627 3175 752 3239 scilicet
778 3175 886 3257 prima
915 3175 970 3238 die
997 3175 1150 3253 Ianuarii,
1173 3175 1216 3239 de
1240 3176 1389 3242 Circum·

178 3235 245 3305 Jm
261 3229 296 3302 ¹']
359 3267 482 3329 cisione
498 3264 645 3340 Domini,
661 3263 771 3325 minus
785 3261 923 3344 duplex.

225 3389 261 3459 (Ι
284 3380 382 3444 Feria
405 3378 445 3443 ‚it
472 3376 515 3441 de
540 3384 661 3439 octaua
684 3374 790 3438 sancti
816 3373 988 3457 Stephani.
1048 3373 1197 3457 Vespere
1223 3387 1320 3441 erunt
1346 3378 1389 3441 de

177 3480 299 3534 sancto
315 3466 497 3549 Stephano.

224 3589 259 3660 (Ι
282 3580 379 3645 Feria
402 3577 454 3642 iii.
477 3575 522 3640 de
550 3585 672 3638 octaua
695 3572 800 3636 sancti
830 3572 997 3635 lohannis.
1046 3571 1195 3656 Vespere
1219 3585 1317 3640 erunt
1346 3577 1390 3640 dc

177 3680 299 3734 sancto
316 3667 474 3730 Iohanne.

181 3866 431 3934 innocentibus

201 3979 433 4132 Ι](Ι.18ετίει.ν.
448 3976 491 4038 de
513 3973 627 4056 vigilia
649 3971 850 4054 Epiphanie,
865 3979 933 4033 tres
956 3970 1115 4034 lectiones
1137 3969 1209 4035 sine
1230 3974 1391 4057 regimine

179 4091 201 4133 c
225 4089 282 4133 on.

215 4375 225 4407 1
241 4393 257 4426 ι
315 4372 358 4425 οιῑ,
883 4363 895 4395 ¹
910 4366 1130 4418 commemoratio:
1147 4382 1194 4416 orn.
1209 4365 1250 4428 87,
1264 4366 1304 4419 88.

213 4440 226 4472 a
241 4442 282 4492 dle
294 4440 372 4506 before
383 4434 546 4487 Natiuitatis:
564 4432 605 4495 87,
618 4430 659 4482 88.
882 4429 893 4460 ⁴
909 4442 958 4480 tres
969 4431 1104 4483 lectiones:
1120 4449 1169 4481 otte.
1183 4432 1224 4495 87,
1237 4432 1277 4484 88.

212 4506 226 4537 ⁸
243 4508 276 4557 Et
287 4521 381 4556 nonum
392 4500 576 4569 responsorium
587 4515 603 4548 a
613 4498 711 4549 duobus
721 4506 851 4549 onntetur:
867 4497 924 4547 add.
937 4508 979 4558 97,
991 4509 1032 4547 01.
