3326 5208
262 444 311 482 200
571 428 847 479 DIRECTORIUM
874 427 1141 479 SACERDOTUM.

305 589 339 659 (Ι
362 582 522 660 Sabbato,
536 583 579 646 de
594 590 710 645 sancta
727 580 844 658 Maria,
859 591 893 645 et
909 582 1069 644 memoria
1084 580 1127 644 de
1143 580 1365 663 martyribus,l
1410 578 1467 641 Ad

258 691 417 753 vesperas
440 670 483 733 de
505 679 622 733 sancto
656 668 833 742 Edwardo,
855 667 1054 752 Antiphona
1077 668 1145 731 Iste
1170 677 1309 731 sanctus.
1369 665 1468 749 Capi-

260 758 369 822 tulum
393 757 515 820 Beatus
536 757 599 832 vir,
616 756 676 837 qui
699 756 734 817 in
756 756 926 836 sapentia.
972 756 1234 838 Responsorium
1261 755 1382 818 Beatus
1405 753 1469 830 vir,

260 845 320 926 qui
333 843 470 927 suffert:
493 844 653 906 memoria
676 842 719 905 de
741 842 918 921 dominica,
933 852 968 906 et
989 842 1032 906 de
1055 842 1230 920 Trinitate‚
1244 851 1278 905 et
1301 841 1468 924 processio

262 931 327 995 fiat.

304 1050 338 1120 (Ι
360 1042 426 1106 Vbi
444 1041 527 1105 fiunt
542 1052 609 1106 tres
624 1043 969 1120 commemorationes,
984 1042 1017 1105 in
1041 1041 1188 1105 secunda
1204 1040 1313 1126 [seria]
1329 1039 1387 1104 fiat
1402 1061 1467 1103 vna

261 1129 544 1207 commemoratio
560 1141 593 1192 et
610 1130 770 1192 memoria
785 1127 828 1192 de
844 1128 936 1193 sesto.

436 1247 470 1317 (Ι
494 1242 673 1305 Dominica
703 1242 774 1318 iiii,
804 1242 847 1306 de
876 1251 993 1305 sancto
1024 1241 1201 1316 Edwardo,
1229 1241 1273 1305 ix.
1300 1240 1468 1315 lectiones,

259 1293 333 1362 June
346 1290 402 1363 ω’]
437 1329 523 1392 sicut
539 1330 571 1391 in
596 1328 860 1412 quadragesima
907 1329 1012 1392 Missa
1034 1328 1242 1391 dominicalis
1265 1329 1298 1390 in
1322 1328 1468 1410 capitulo

259 1415 401 1479 dicitur.²

304 1532 338 1602 (Ι
362 1527 459 1590 Feria
474 1527 512 1591 ii.
529 1529 572 1590 de
589 1527 673 1591 sesto
689 1526 760 1591 loci.

302 1645 337 1715 (Ι
361 1640 457 1702 Feria
472 1640 523 1704 .iii.
540 1641 583 1704 de
598 1650 716 1703 sancto
732 1641 878 1717 Albano,
894 1641 938 1705 ix.
954 1640 1123 1717 lectiones,
1139 1660 1215 1704 cum
1243 1639 1468 1722 Responsorio

260 1726 481 1808 percepturus.

261 1926 488 2008 Responsorio
504 1926 655 2008 Regnum
672 1926 794 1991 mundi.
842 1926 947 1989 Missa
962 1928 1006 1989 de
1019 1926 1154 2009 vigilia.⁸

304 2044 338 2114 (Ι
362 2038 459 2100 Feria
474 2059 510 2101 .v.
527 2037 569 2100 de
592 2048 709 2101 sancto
736 2038 885 2101 Iohanne
912 2037 1069 2122 baptista,
1095 2038 1205 2101 minus
1229 2038 1365 2121 duplex.
1411 2037 1469 2100 Ad

261 2145 428 2207 vesperae,
443 2125 627 2207 antiphona
645 2124 716 2188 Sub
730 2135 822 2188 tuam
839 2126 1026 2190 solenniter.

304 2242 339 2312 (Ι
363 2237 459 2299 Feria
473 2237 522 2301 .vi.
538 2237 581 2299 de
596 2247 711 2301 sancta
728 2237 849 2300 Maria⁴
871 2289 878 2302 .
902 2248 936 2302 et
951 2238 1112 2300 memoria
1133 2237 1176 2300 de
1191 2237 1341 2301 octauis.⁸

305 2354 340 2424 (Ι
363 2347 522 2424 sabbato,
538 2349 581 2411 de
598 2350 798 2431 martyribus
824 2349 973 2413 iohanne
996 2359 1029 2413 et
1054 2349 1167 2428 Paulo,
1181 2358 1215 2412 et
1242 2349 1402 2413 memoria
1428 2351 1472 2412 de

261 2437 413 2514 octauis,⁰
423 2456 499 2497 cum
511 2437 678 2498 memoriis
691 2438 865 2501 consuetis.
899 2435 1067 2512 lnleriusli
1079 2436 1217 2519 duplex,
1227 2447 1293 2500 tres
1304 2436 1470 2500 lectiones.

263 2522 320 2587 Ad
336 2543 502 2606 vesperae,
519 2524 679 2585 memoria
695 2524 737 2586 de
753 2525 891 2598 octauis,
908 2525 951 2587 de
967 2523 1144 2599 Trinitate‚
1160 2535 1195 2587 et
1211 2524 1377 2607 processio
1393 2522 1459 2586 fiat.

440 2641 474 2711 (Ι
497 2636 674 2699 Dominica
686 2658 722 2700 .v.
738 2636 781 2699 de
791 2637 930 2699 seruicio
942 2636 1141 2700 dominicali.
1189 2636 1302 2699 Medie
1313 2635 1472 2699 lectiones

262 2685 336 2754 ΜΕ
349 2682 404 2755 ²7']
441 2723 483 2785 de
521 2724 670 2801 octauis,⁰
708 2744 783 2787 cum
823 2724 1056 2806 Responsoriis
1085 2723 1289 2804 Priusquam
1327 2732 1363 2787 te.
1433 2722 1471 2783 ln

226 2834 231 2847 ·
263 2803 427 2886 laudibus,
442 2830 508 2872 vna
523 2809 714 2893 antiphona

308 2923 342 2993 (Ι
366 2919 462 2983 Feria
488 2921 527 2986 ii.
554 2920 597 2985 de
629 2932 745 2986 sancto
778 2923 900 2999 Leone,
926 2943 1001 2986 cum
1028 2930 1220 2987 nocturno.
1244 2921 1404 2985 memoria
1430 2923 1474 2984 de

263 3006 400 3070 octauis.

309 3123 343 3193 (Ι
367 3119 464 3182 Feria
479 3120 530 3184 iii.
547 3120 589 3183 de
616 3122 740 3185 sanctis
762 3121 946 3204 apostolis,⁸
968 3122 1075 3185 minus
1098 3121 1235 3205 duplex.
1282 3121 1385 3187 Nulla
1406 3141 1474 3183 me·
1501 3151 1503 3155 ·

266 3205 372 3268 moria
386 3205 429 3268 de
445 3216 561 3271 sancto
579 3208 749 3273 lohanne.⁹

309 3323 343 3393 (Ι
367 3318 462 3381 Feria
488 3319 550 3383 iiii.
578 3321 621 3383 de
646 3331 762 3385 sancto
789 3320 901 3397 Paulo,
928 3321 1160 3385 Inuitatorium
1188 3321 1321 3405 triplex,
1344 3320 1389 3386 ix.
1410 3320 1474 3384 lec·

265 3403 383 3482 tiones,
398 3405 489 3468 due¹⁰
502 3408 667 3472 memorie.

310 3523 344 3593 (Ι
368 3518 466 3581 Feria
480 3540 517 3583 .v.
534 3522 576 3582 de
599 3532 714 3583 sancta
739 3521 865 3585 Maria:
889 3531 922 3585 et
947 3521 1108 3585 memoria
1130 3523 1173 3584 de
1188 3521 1341 3585 octauis¹¹
1368 3519 1474 3584 sancti

271 3604 436 3669 Iohannis.
482 3606 538 3670 Ad
555 3628 719 3689 vesperas
734 3608 777 3671 de
791 3607 991 3673 Visitatione
1005 3608 1103 3671 beate
1120 3609 1235 3672 Marie.

311 3721 346 3791 (Ι
370 3717 466 3781 Feria
482 3719 540 3792 .vi,
556 3719 599 3782 de
614 3719 814 3783 Visitatione
832 3721 947 3797 Made,
962 3720 1085 3783 festum
1102 3722 1209 3784 maius
1226 3719 1362 3804 duplex.

301 3907 311 3939 ¹
328 3908 375 3959 SS.
390 3908 511 3959 Geruasio
522 3918 546 3959 et
559 3910 697 3961 Prothasio.
894 3909 906 3941 ²
921 3912 1035 3962 dicatur:
1053 3911 1093 3961 88.

300 3974 312 4003 ³
329 3974 388 4023 Nat.
402 3973 429 4025 S.
445 3975 465 4024 1.
480 3976 552 4039 Bapt.

301 4037 313 4133 ἒ
329 4038 394 4153 §upa
403 4039 495 4154 gestpn':
508 4042 553 4116 88ἶ
569 4041 688 4091 Iohannis
700 4050 725 4092 et
737 4041 808 4091 Pauli
819 4041 846 4090 in
858 4042 970 4093 Sabbato
981 4042 1126 4093 celebretur.
1166 4042 1241 4092 Crede
1252 4043 1303 4102 M.,
1316 4044 1329 4102 Ι
1341 4053 1381 4106 50,
1394 4057 1419 4107 p.
1433 4053 1473 4102 42.

355 4121 389 4153 a.
424 4142 429 4154 .
463 4121 575 4155 oannis.

302 4166 390 4219 ‘Nat
416 4170 442 4220 S.
469 4171 555 4220 lohan.
582 4173 655 4236 Bapt.
680 4172 712 4221 de
727 4170 870 4222 dominica:
889 4173 980 4236 Portis.
1003 4184 1072 4236 1519.
1110 4172 1249 4222 Memoriae
1267 4180 1400 4222 consuetae
1419 4180 1477 4220 sunt

268 4234 302 4284 de
314 4234 340 4285 S.
356 4234 437 4284 Maria
449 4236 516 4285 etde
529 4236 653 4287 Omnibus
670 4237 776 4287 Sanctis.

303 4299 314 4331 ⁷
332 4299 558 4365 Inuitatoriumsor
569 4302 692 4352 inferius:
709 4313 750 4364 97,
763 4316 803 4352 01.
893 4301 904 4334 ⁸
920 4302 966 4354 SS.
983 4305 1056 4353 Petro
1067 4311 1092 4353 et
1105 4304 1190 4352 Paulo.
1330 4300 1341 4333 ⁹
1357 4303 1474 4366 baptista.

304 4362 324 4395 ¹⁰
341 4375 365 4414 et
377 4365 454 4426 before
464 4367 531 4416 due:
548 4365 589 4428 87,
607 4367 646 4416 88.
682 4367 714 4417 ad
727 4367 751 4416 ii.
766 4384 846 4432 vesp,
858 4385 907 4434 que
917 4378 990 4419 erunt
1001 4369 1033 4418 de
1050 4368 1077 4420 S.
1092 4368 1183 4428 Maria,
1200 4384 1290 4418 memo.
1309 4368 1342 4418 de
1358 4367 1479 4432 apostolis

283 4431 350 4525 Phet
362 4431 417 4506 P2]·.
423 4441 447 4479 et
459 4431 490 4506 de
501 4442 565 4481 octa.
580 4433 606 4483 S.
623 4432 759 4484 Iohannis:
777 4434 853 4483 Bren.
868 4436 925 4485 Sar.
939 4433 974 4484 iii.
988 4433 1044 4498 387.

341 4504 485 4547 nauunmu.
