3372 5224
299 410 346 461 ¹70
613 405 888 458 DIRECTORIUM
915 407 959 456 SA
965 406 1180 457 CERDOTUM.

296 558 377 628 April
392 556 445 629 ια]
471 563 506 633 (Ι
528 557 708 621 Dominica
723 559 755 621 in
774 559 935 623 Passione
951 559 1100 637 Domini,
1112 568 1184 622 tota
1200 559 1321 623 dicitur
1336 558 1482 621 historia

340 675 374 745 (Ι
397 670 494 733 Feria
517 671 565 746 .ii.,
588 679 622 732 et
651 671 771 734 ceteris
797 670 885 735 seriis
916 691 976 754 per
1005 672 1263 748 hebdomadam,
1292 669 1335 734 de
1367 670 1498 733 ieiunio.

297 755 525 905 {esponsoria
561 758 604 820 de
640 757 777 821 historia
813 758 1014 831 dominicali,
1053 758 1243 822 inchoando
1287 778 1307 820 a
1351 758 1500 820 secundo

330 863 531 926 esponsorro.

340 960 374 1030 (Ι
398 956 493 1019 Feria
508 956 583 1034 .iiii.,
597 965 630 1019 et
645 955 796 1032 sabbato,
811 956 932 1021 dicitur
953 967 1110 1021 octauum
1135 956 1406 1041 Responsorium,
1421 975 1497 1018 cum

296 1042 428 1106 duobus
445 1042 621 1106 ferialibus.

340 1158 374 1228 (Ι
398 1153 495 1216 Feria
529 1176 576 1231 .v.,
609 1156 651 1218 ad
676 1175 831 1238 vesperas
861 1165 895 1219 et
926 1157 1108 1220 matutinas
1139 1156 1235 1220 beate
1265 1156 1409 1238 virginis,
1440 1153 1498 1218 liat

297 1241 458 1303 memoria
474 1247 515 1303 de
531 1254 647 1305 sancto
663 1241 852 1324 Tyburcio.¹

296 1358 376 1428 April
392 1355 444 1428 17.]
471 1358 504 1427 (Ι
527 1354 750 1419 Dominicain
765 1356 865 1416 ramis
882 1353 1080 1429 Palmarum,
1098 1364 1170 1419 tota
1185 1364 1338 1418 cantetur
1352 1354 1498 1417 historia.

340 1475 373 1544 (Ι
398 1470 493 1532 Feria
509 1469 557 1543 .ii.,
573 1477 607 1530 et
622 1468 740 1530 ceteris
755 1466 843 1530 seriis
860 1488 918 1549 per
933 1466 1192 1543 hebdomadam,
1208 1469 1250 1531 de
1266 1467 1396 1530 ieiunio.

339 1587 374 1657 (Ι
397 1581 493 1644 Feria
509 1579 560 1642 .iii.
579 1580 739 1642 memoria
761 1580 803 1642 de
826 1590 941 1643 sancto
962 1579 1128 1662 Alphego,
1154 1579 1208 1642 Ad
1232 1599 1387 1662 vesperas
1403 1580 1494 1642 etad

298 1670 480 1732 matutinas
512 1668 607 1730 beate
636 1667 751 1741 Marie,
774 1666 833 1729 fiat
861 1665 1044 1729 memoria.¹
1102 1667 1145 1729 Et
1173 1667 1205 1728 in
1230 1666 1280 1728 .iii.
1308 1665 1388 1728 seria
1414 1664 1498 1728 fiant

298 1757 452 1838 Exequie
469 1754 677 1817 Mortuorum
693 1773 770 1816 cum
785 1753 838 1816 .ix.
856 1754 1062 1832 lectionibus,
1076 1764 1110 1816 et
1125 1754 1227 1816 missa
1243 1753 1276 1815 in
1292 1755 1445 1816 crastino.

471 1872 505 1942 (Ι
530 1867 594 1929 Die
605 1865 715 1941 Pasce,
727 1875 762 1929 et
776 1885 836 1948 per
847 1866 1103 1943 hebdomadam,
1114 1875 1223 1929 totum
1240 1866 1282 1929 de
1297 1865 1498 1928 solennitate

473 1953 556 2029 sesti,
573 1963 607 2016 et
622 1953 702 2015 nihil
718 1953 761 2015 de
776 1963 893 2016 sancto
908 1953 1029 2016 Vitale.

339 2070 373 2140 (Ι
397 2066 533 2128 Festum
550 2066 656 2129 sancti
673 2064 808 2147 Georgii
824 2064 998 2129 differatur
1008 2084 1112 2147 vsque
1128 2065 1171 2127 ad
1187 2066 1241 2127 .ix.
1258 2065 1347 2127 diem
1373 2065 1497 2127 mensis

298 2152 402 2215 Maii.¹

338 2270 371 2339 (Ι
396 2264 534 2327 Festum
550 2264 656 2327 sancti
673 2263 779 2326 Marci
794 2263 1000 2347 euangeliste
1015 2283 1120 2346 vsque
1136 2263 1182 2325 in⁴
1198 2263 1252 2327 .xi
1268 2263 1357 2326 diem
1374 2262 1497 2327 mensis

301 2352 392 2413 Maii.

296 1917 376 1987 April
389 1914 445 1987 24.]

339 2469 374 2539 (Ι
397 2461 563 2527 Omnibus
596 2464 781 2540 dominicis,
818 2463 860 2526 de
892 2482 1092 2545 quocunque
1122 2461 1180 2526 fiat
1210 2462 1385 2525 seruicium
1408 2513 1415 2525 .
1439 2460 1499 2524 fiat

296 2550 442 2613 solennis
458 2551 619 2614 memoria
628 2551 671 2613 ad
682 2559 838 2632 vtrasque
849 2570 1003 2632 vesperas
1014 2562 1048 2613 et
1061 2550 1241 2612 matutinas
1253 2550 1296 2612 de
1311 2547 1497 2612 dominica:

297 2638 355 2701 sed
373 2656 544 2719 nunquam
560 2638 603 2700 ad
620 2639 765 2701 missam.

340 2755 374 2825 (Ι
397 2746 564 2812 Omnibus
579 2749 673 2812 sestis
695 2769 770 2812 cum
795 2749 955 2831 regimine
971 2747 1071 2825 chori,
1086 2747 1145 2811 hat
1166 2747 1312 2812 solennis
1337 2748 1500 2811 memoria

297 2839 341 2901 de
356 2838 593 2905 resurrectione
609 2836 652 2899 ad
668 2855 832 2918 vesperas,
842 2836 898 2899 ad¹
914 2835 1105 2910 matutinas,
1117 2845 1151 2898 et
1167 2836 1208 2898 ad
1227 2836 1372 2911 missam,
1382 2836 1444 2898 nisi
1461 2836 1493 2896 in

299 2924 499 2986 lnucntione
516 2921 639 2987 Sancte
656 2922 780 2999 Crucis,
795 2933 829 2986 ct
844 2924 878 2985 in
894 2923 1043 2986 sabbatis
1058 2923 1102 2985 ad
1118 2943 1271 3005 vesperas
1287 2933 1427 2986 tantum.

301 3086 331 3139 M
473 3040 507 3110 (Ι
530 3034 708 3098 Dominica
724 3036 832 3117 prima
848 3036 896 3115 (in
914 3034 1012 3116 albis)
1028 3046 1106 3117 post
1122 3035 1235 3112 Pasca,
1251 3034 1371 3098 festum
1389 3036 1497 3097 minus

334 3102 369 3154 ³¹
385 3081 420 3154 ¹¹
474 3122 621 3204 duplex:
638 3123 811 3185 memoria¹
836 3123 878 3185 de
893 3123 1139 3196 resurrectione,
1157 3142 1233 3185 cum
1250 3123 1372 3185 missa„¹
1418 3121 1495 3184 Non

298 3208 431 3270 dicitur¹
453 3208 553 3286 Deus,
574 3210 634 3291 qui
654 3208 810 3272 lwdierna
835 3207 893 3285 dte,
919 3210 978 3272 sed
1001 3207 1098 3284 Deus,
1114 3209 1175 3291 qui
1187 3220 1251 3290 per
1272 3210 1498 3291 vntgcnitum.

297 3294 446 3376 Vespere
462 3305 558 3358 erunt
574 3296 617 3359 de
632 3295 814 3378 apostolis,⁸
834 3305 867 3360 et
882 3296 1042 3358 solennis⁹
1058 3298 1217 3360 memoria
1236 3296 1278 3359 de
1298 3296 1466 3359 dominica
1490 3345 1497 3359 .

296 3393 329 3444 et
345 3382 387 3444 dc
404 3383 647 3446 resurrectione.

340 3499 375 3569 (Ι
398 3495 495 3558 Feria
517 3495 558 3558 .ii.
579 3496 622 3558 de
645 3494 827 3578 apostolis,⁸
852 3495 993 3558 Inferius
1015 3494 1150 3578 duplex.
1195 3494 1253 3558 Ad
1274 3515 1429 3579 vesperas
1453 3496 1496 3561 de

297 3601 402 3660 cruce,
419 3583 580 3645 memoria
605 3583 648 3645 de
668 3583 839 3664 apostolis,
853 3585 896 3646 de
923 3584 1151 3664 martyribus¹⁰
1166 3591 1200 3645 et
1222 3581 1281 3646 liat
1307 3583 1495 3666 processio:

296 3670 354 3732 sed
371 3667 443 3730 nil¹¹
459 3670 754 3733 deresurrectione

330 3994 338 4025 ¹
356 3995 382 4045 S.
398 3994 533 4060 Tyburcio,
545 4002 611 4045 eto:
629 3992 670 4056 87,
685 3992 725 4044 88.
1009 3992 1021 4024 ¹
1036 3995 1174 4046 memoria:
1190 4012 1237 4045 om.
1251 3994 1293 4057 87,
1305 3994 1346 4045 88.

329 4060 424 4111 ¹Cave
446 4062 478 4110 de
499 4060 660 4110 translatione
682 4059 761 4110 sancti
778 4059 913 4111 Nicholai:
941 4060 1008 4126 quis,
1032 4060 1074 4110 vbi
1101 4061 1239 4111 celebratur
1265 4061 1395 4112 translatio
1418 4061 1497 4112 sancti

297 4126 423 4185 Nieholai‚
436 4136 496 4177 tunc
506 4125 596 4176 festum
613 4127 692 4176 sancti
710 4125 812 4201 Georgii
831 4125 957 4175 differatur
974 4142 1051 4191 usque
1070 4126 1103 4175 ad
1123 4126 1148 4175 xi
1167 4125 1235 4177 diem
1255 4126 1326 4176 Maii.
1363 4127 1396 4176 Et
1408 4127 1496 4177 festum

297 4191 376 4287 sapcti
389 4192 468 4268 Marci
479 4191 606 4242 differatur
616 4207 694 4257 vsque
705 4191 738 4241 ad
749 4190 800 4240 xvii
810 4190 877 4240 diem
890 4191 953 4241 Maii
964 4210 971 4242 ε
988 4193 1044 4286 add
1058 4202 1100 4253 97,
1112 4205 1152 4241 01,

329 4255 604 4373 ‘jffdoerdiimihidaggt
615 4321 647 4372 de
658 4321 853 4372 resurrectione:
869 4334 910 4372 o1.
1010 4321 1021 4353 ¹
1037 4256 1150 4373 diicatirit:
1163 4255 1208 4371 88⁷8⁹.
1216 4254 1256 4307 88.

329 4385 340 4417 ⁸
357 4388 402 4438 SS.
418 4388 535 4453 Philippo
546 4396 571 4436 ct
589 4388 689 4437 Iacobo
1012 4384 1024 4416 ⁹
1038 4388 1166 4438 solemus:
1183 4405 1230 4437 om.
1245 4386 1286 4450 87,
1299 4388 1339 4439 88.

331 4451 351 4484 ¹⁰
367 4453 413 4504 SS.
427 4453 579 4512 Alexandro,
599 4451 707 4502 Euentio
718 4462 743 4502 et
755 4451 903 4503 Theodulio.
1004 4450 1022 4482 ¹¹
1040 4452 1135 4504 nichil:
1152 4451 1193 4514 87,
1206 4452 1244 4502 88
