3326 5208
263 461 311 523 248
589 461 865 512 DIRECTORIUM
893 460 1161 510 SACERDO‘I'UM

264 614 447 696 antiphona
483 615 678 697 Sapientia:
702 614 831 695 psalmi,
854 616 1010 695 hymnus,
1042 625 1077 676 et
1106 612 1295 689 versiculus,
1325 614 1409 676 sicut
1439 613 1474 676 in

264 702 378 783 primis
394 703 559 784 vesperis:
582 713 616 765 et
632 702 778 765 solennis
795 701 954 763 memoria
976 702 1020 763 de
1042 711 1159 763 sancto
1177 700 1346 763 Iohanne.¹
1395 701 1473 764 Non

263 787 382 851 dicitur
396 810 509 852 versus
536 789 650 851 Gloria
672 789 741 864 tibi,
758 789 906 864 Domine,
930 788 992 850 nisi
1015 787 1151 870 quando
1174 787 1211 850 fit
1234 788 1407 850 seruicium
1431 789 1476 851 de

263 877 403 938 octauis²
418 885 558 939 tantum.

307 993 341 1062 (Ι
366 989 524 1053 Feriani.
546 990 589 1051 dc
611 999 728 1050 sancto
754 987 925 1063 lohanne,¹
948 988 1057 1049 minus
1089 987 1239 1070 duplex;
1272 997 1306 1049 et
1329 988 1475 1050 solennis

266 1077 425 1137 memoria
441 1076 483 1137 de
498 1076 622 1139 octauis
639 1075 794 1157 Corporis
805 1074 937 1146 Christi,
949 1075 992 1136 ad
1009 1076 1191 1137 matutinas
1207 1085 1240 1138 et
1256 1075 1299 1136 ad
1318 1077 1473 1137 missam:

262 1157 338 1225 'sed³
360 1165 403 1225 de
425 1163 552 1226 octauis
575 1162 747 1225 Trinitatis
770 1162 833 1224 sub
856 1162 1018 1225 silentio⁴:
1043 1161 1100 1224 Ad
1124 1164 1286 1225 secundas
1310 1182 1474 1244 vesperas,

266 1250 433 1330 priuatim⁵
467 1248 526 1312 fiat
560 1250 720 1312 memoria
754 1250 796 1312 de
832 1249 1031 1329 martyribus
1077 1248 1227 1312 Iohanne
1269 1258 1305 1312 et
1349 1249 1374 1331 [l
1398 1249 1474 1331 iiii]

267 1337 428 1411 Pau10,et
452 1347 569 1419 postea
585 1337 627 1398 de
643 1336 769 1399 octauis
792 1336 947 1418 Corporis
971 1336 1092 1400 Christi
1115 1336 1314 1399 solenniter:
1337 1337 1406 1399 ⁰sed
1432 1337 1475 1398 de

266 1424 429 1486 Trinitate
445 1425 621 1506 priuatim!

308 1541 341 1610 (Ι
366 1535 526 1611 Sabbat0,
541 1536 584 1598 de
599 1536 721 1597 sanctis
740 1534 889 1597 Iohanne
904 1544 938 1597 et
959 1534 1070 1609 Paulo,
1087 1535 1131 1598 ix.
1148 1533 1314 1598 lectiones.
1361 1535 1475 1598 Medie

266 1622 424 1686 lectiones
439 1625 481 1686 de
497 1624 624 1685 octauis
642 1622 797 1705 Corporis
813 1622 943 1698 Christi,
956 1633 990 1685 et
1001 1622 1161 1685 memon'a
1173 1622 1216 1684 de
1228 1623 1355 1685 octauis
1367 1623 1474 1686 sancti

269 1710 436 1785 Iohannis,
452 1721 485 1772 et
501 1712 543 1773 de
560 1710 730 1773 Trinitate.
777 1709 833 1771 Ad
850 1729 1013 1791 vesperas,
1030 1709 1073 1771 de
1097 1710 1298 1790 martyribus
1325 1710 1476 1772 Iohanne

265 1807 299 1859 et
325 1796 436 1873 Paulo,
460 1797 632 1859 memoria⁸
655 1798 698 1859 de
721 1798 847 1859 octauis
871 1797 976 1859 sancti
1002 1797 1160 1859 iohannis
1173 1798 1203 1873 3⁸
1225 1805 1259 1858 et
1282 1798 1325 1859 de
1347 1798 1475 1858 octauis

266 1884 422 1965 Corporis
457 1884 588 1960 Christi,
637 1883 831 1965 antiphona,
866 1882 895 1947 0
934 1904 1034 1965 qaam
1067 1883 1183 1946 suauis
1193 1908 1207 1958 ,·
1239 1884 1399 1945 memoria
1431 1886 1476 1946 de

265 1972 439 2048 dominica,
463 1971 655 2052 antiphona,
679 1970 821 2053 Loquere
843 1970 1007 2046 Domine,·
1032 1971 1192 2033 memoria
1215 1971 1258 2032 de
1288 1969 1475 2034 Trinitate:

265 2068 299 2121 et
316 2058 481 2140 processio
497 2056 555 2120 fiat
571 2068 649 2120 ante
665 2078 803 2120 crucem.

261 2238 266 2249 ,
308 2176 342 2246 (Ι
367 2170 458 2233 Nota
491 2170 582 2252 quod
618 2170 842 2252 Responsoria
880 2170 922 2232 de
960 2171 1106 2232 secundo
1147 2180 1310 2231 nocturno
1341 2169 1478 2232 historie

265 2257 371 2338 (Deus
385 2256 545 2337 ninnium)
561 2257 686 2320 debent
701 2258 839 2320 cantari⁹
854 2257 939 2319 infra
953 2267 1089 2320 octauas
1105 2256 1324 2338 reliquiarum.

442 2374 476 2443 (Ι
501 2369 678 2432 Dominica
696 2370 731 2444 .i.,
752 2380 828 2452 post
845 2369 967 2432 festum
989 2378 1104 2431 sancte
1129 2366 1269 2443 Sanctel
1291 2368 1475 2444 Trinitatis,

445 2458 487 2518 de
519 2457 646 2519 octauis
678 2457 834 2538 Corporis
870 2456 1000 2520 Christi.
1048 2456 1188 2519 ¹⁰Mcdic
1231 2456 1388 2518 lectiones
1431 2456 1477 2518 de

265 2542 391 2604 octauis
404 2544 509 2605 sancti
525 2542 692 2620 Iohannis,
702 2564 776 2606 cum
789 2545 1014 2625 Responsorio
1024 2543 1229 2625 Priusquam
1243 2545 1305 2606 tc.¹⁰
1336 2543 1475 2606 Nonum

267 2628 529 2710 Responsorium
553 2650 573 2693 a
595 2630 726 2694 duobus
749 2640 909 2693 cantatur.
957 2631 995 2693 In
1020 2630 1182 2703 laudibus,
1195 2650 1261 2692 vna
1284 2631 1477 2711 antiphona.

266 2421 338 2488 June
351 2417 406 2489 27·]

263 2714 322 2864 §hd
345 2716 496 2797 primam,
515 2718 705 2800 antiphona.
756 2717 787 2779 T
783 2738 800 2780 e
811 2718 889 2781 r'ura
936 2717 1040 2780 Missa
1059 2717 1265 2780 dominicalis
1283 2717 1316 2779 in
1330 2717 1477 2799 capitulo

290 2813 401 2866 icatur.

309 2920 342 2990 (Ι
367 2916 463 2977 Feria
478 2917 515 2980 ii.
532 2917 574 2979 de
590 2917 716 2979 octauis
729 2917 885 2998 Corporis
899 2916 1029 2988 Christi,
1039 2929 1105 2979 tres
1116 2916 1292 2979 lectiones:
1316 2917 1478 2979 memoria

263 3002 308 3064 de
331 3014 449 3066 sancto
474 3004 596 3079 Leone,
620 3013 653 3066 et
676 3007 719 3067 de
741 3005 876 3067 octauis.
933 3003 1037 3066 Missa
1060 3006 1102 3067 de
1127 3004 1237 3085 vigilia
1259 3014 1410 3066 cantetur
1433 3007 1477 3067 ad

265 3109 435 3151 summum
453 3090 557 3153 altare
572 3090 758 3154 solenniter.

310 3206 344 3275 (Ι
369 3202 465 3264 Feria
502 3202 551 3266 iii.
585 3203 627 3265 de
658 3203 818 3286 apostolis
844 3204 968 3265 ¹¹Petro
1001 3213 1035 3266 et
1060 3202 1197 3277 Paulo,¹¹
1223 3202 1343 3265 festum
1368 3203 1479 3265 minus

267 3288 403 3370 duplex.
448 3289 506 3352 Ad
529 3299 686 3373 utrasque
705 3311 870 3372 vesperas
888 3291 1078 3365 matutinas,
1099 3301 1133 3352 et
1156 3291 1198 3352 ad
1227 3289 1374 3365 missam,
1396 3288 1482 3353 fiat¹²

268 3376 412 3438 solennis
433 3378 592 3439 memoria
608 3377 650 3440 de
665 3379 805 3441 octauis²
819 3400 831 3455 ;,
849 3377 908 3439 sed
932 3377 1012 3439 nihil
1037 3378 1069 3439 in
1094 3377 1262 3440 audientia
1284 3378 1327 3440 de
1351 3377 1480 3440 octauis

268 3462 373 3525 sancti
392 3463 558 3528 Iohannis.

311 3580 345 3650 (Ι
369 3576 466 3638 Feria
487 3576 547 3640 iiii.
571 3585 681 3639 totum
705 3577 747 3639 de
775 3587 892 3639 sancto
919 3576 1084 3649 Pau10,et
1109 3577 1269 3639 memoria
1294 3576 1337 3638 de
1362 3586 1482 3640 sancto

270 3662 378 3738 Petro,
394 3673 427 3726 et
443 3662 486 3727 de
508 3665 654 3744 vtrisque
677 3665 810 3727 octauis.
856 3663 912 3726 Ad
936 3684 1090 3745 vesperas
1106 3664 1149 3726 de
1163 3665 1303 3726 octauis²
1326 3664 1387 3726 hec
1409 3663 1483 3726 sola

269 3750 461 3832 antiphona.
509 3750 685 3814 Sacerdos.
703 3751 858 3834 psalmus.
882 3751 984 3814 Dixit
1006 3751 1177 3827 Dominus,
1195 3760 1229 3812 et
1244 3761 1353 3814 cetera
1368 3750 1483 3813 omnia

303 3989 313 4021 ¹
331 3991 447 4056 baptista.
859 3990 870 4021 ²
887 3991 1005 4056 Corporis
1017 3991 1118 4041 Christi.

303 4054 314 4086 ³
331 4056 410 4106 nihil:
429 4058 484 4107 add.
500 4069 540 4119 97,
554 4071 594 4107 οι.
859 4056 870 4086 ⁴
886 4057 933 4107 sub
944 4056 1059 4106 silentio:
1077 4073 1124 4105 orn.
1138 4069 1179 4119 97,
1192 4069 1232 4105 01.

304 4120 315 4151 ⁶
331 4121 447 4186 priuatim
459 4123 518 4172 fiat:
536 4140 583 4172 om.
598 4122 639 4184 87,
652 4122 691 4173 88.
860 4121 914 4157 Η
930 4139 977 4171 am.
991 4134 1086 4183 97,01.

304 4186 315 4218 ⁷
331 4200 355 4237 et
367 4187 487 4238 memoria
503 4188 536 4238 de
552 4188 648 4239 oemuis
664 4187 810 4238 Trinitatis:
829 4188 920 4252 Portis.
943 4198 1013 4251 1519,
1035 4187 1114 4251 1526:
1139 4186 1216 4236 nichil
1227 4187 1259 4236 de
1270 4196 1319 4237 oct.
1333 4187 1483 4240 Trinitatis:

272 4253 349 4303 Brea.
366 4265 376 4301 1
381 4265 438 4317 5³1·
863 4251 917 4289 ⁸-⁸
932 4269 979 4302 am.
993 4264 1034 4315 97,
1047 4265 1087 4302 01.

305 4316 448 4369 ⁹cantare:
466 4329 507 4381 97,
524 4332 565 4368 01.

306 4381 379 4420 ¹⁰-¹⁰
395 4383 445 4433 Vbi
463 4384 525 4434 fiunt
541 4384 590 4435 due
601 4383 851 4435 commemorationes
862 4391 960 4432 tantum
970 4392 995 4432 et
1007 4381 1126 4432 memoria
1138 4392 1234 4432 tantum
1246 4382 1279 4432 de
1289 4384 1386 4435 octauis
1402 4385 1486 4437 saneti

275 4447 395 4562 ¹⁰2²?ss
406 4460 471 4563 :8897,
483 4462 524 4498 01.
865 4446 938 4484 ¹¹-¹¹
954 4465 1001 4497 om.
1016 4447 1058 4509 87,
1071 4447 1111 4497 88.
