3372 5224
552 447 728 498 TERCIUM
740 448 773 498 B.
807 449 873 497 xvii.
891 449 941 497 xii.
961 448 997 497 ix.
1017 453 1035 497 ι’.
1350 458 1396 511 153

368 606 403 677 (Ι
426 599 604 664 Dominica
626 601 684 676 .vi.,
711 601 753 664 de
783 599 921 665 seruicio
943 599 1141 665 dominicali.
1189 601 1302 664 Medic
1332 600 1396 663 lec·

194 651 259 720 July
274 649 326 721 ¹7⁶]
369 690 477 751 tiones
492 687 535 751 de
550 698 666 752 sancto
683 688 857 751 Kenelmo.
906 688 944 750 ln
956 686 1109 751 laudibus
1124 708 1190 751 vna
1201 689 1395 770 antiphona,

194 782 228 835 et
242 782 309 837 tres
325 775 492 839 memorie.

234 899 269 970 (Ι
292 894 390 958 Feria
412 895 451 958 ii.
475 893 518 957 de
539 905 658 959 saneto
677 893 865 977 Amolpho,
890 894 1125 958 Inuitatorium
1148 894 1303 979 simplex,
1327 904 1395 958 tres

192 978 352 1044 lectiones
367 982 410 1045 de
425 983 603 1046 communi.
649 981 842 1064 Capitulum
860 981 979 1046 Omnis
984 982 1142 1063 pontifex.

235 1107 270 1178 (Ι
294 1102 390 1165 Feria
405 1103 456 1165 iii.
471 1103 514 1165 de
530 1102 616 1166 sesto
632 1101 706 1164 loci.

195 1427 205 1490 1
236 1347 271 1418 (Ι
294 1343 391 1405 Feria
413 1364 450 1404 .v.
477 1343 519 1407 de
545 1352 662 1406 sancta
690 1342 851 1419 Praxede,
878 1342 1112 1406 Inuitatorium
1143 1342 1298 1426 simplex,
1328 1353 1396 1406 tres

207 1438 362 1492 ectrones.

215 1549 392 1699 ngtFlria
419 1549 469 1612 .v'n
500 1549 543 1611 de
577 1559 694 1612 sancta
722 1548 829 1611 Maria
860 1548 1071 1632 Magdalene,
1100 1559 1135 1612 et
1164 1549 1323 1612 memoria
1352 1549 1395 1613 de

194 1656 214 1698 a
261 1656 323 1699 ae.

238 1763 272 1833 (Ι
295 1756 456 1834 Sabbato,
472 1758 640 1820 desancta
656 1756 773 1831 Maria,
784 1765 818 1819 et
830 1757 990 1820 memoria
1000 1757 1043 1819 de
1057 1768 1175 1821 sancto
1192 1757 1396 1840 Apollinare.

198 1843 252 1907 Ad
269 1864 433 1926 vesperas,
457 1845 630 1907 memoria²
659 1843 702 1906 de
732 1856 848 1907 sancta
875 1845 1020 1909 Cristina
1042 1855 1076 1908 et
1099 1848 1142 1908 de
1164 1844 1338 1923 Trinitate,
1360 1854 1395 1907 et

196 1932 362 2014 processio
384 1928 452 1995 fiat.
497 1930 565 1995 Vbi
588 1930 671 1994 fiunt
687 1942 752 1994 tres
776 1931 1118 2009 commemorationes,
1140 1931 1172 1993 in
1188 1932 1228 1994 .ii.
1242 1931 1322 1995 seria
1337 1929 1397 1995 fiat

196 2038 261 2081 vna
276 2019 559 2092 commemoratio,
575 2028 609 2080 et
625 2018 785 2081 memoria
800 2018 842 2080 de
858 2017 951 2081 [estc.

195 2189 260 2258 July
273 2186 328 2259 24]
370 2144 405 2215 (Ι
427 2137 604 2201 Dominica
616 2138 686 2239 .vii,
701 2138 743 2201 de
752 2138 892 2201 seruicio
900 2137 1101 2238 dominicali,
1117 2138 1227 2239 medie
1239 2138 1397 2202 lectiones

372 2227 415 2288 de
436 2236 553 2288 sancta
576 2224 728 2289 Cnstma.
776 2225 814 2287 ln
839 2224 991 2289 laudibus
1014 2246 1079 2288 vna
1102 2226 1293 2308 antrphona
1339 2225 1396 2289 Ad

193 2331 346 2460 tviesperas
369 2312 412 2375 de
434 2312 609 2395 apostolo,a
631 2311 775 2374 solennis
792 2312 951 2375 memoria
980 2311 1023 2375 de
1041 2313 1254 2395 martyribus⁴
1284 2315 1331 2376 etr
1353 2313 1396 2377 de

219 2417 369 2462 ommrca

236 2524 269 2594 (Ι
293 2519 390 2582 Feria
405 2519 443 2581 .ii.
460 2520 502 2582 de
517 2529 635 2582 sancto
652 2520 783 2587 lac0b0.
802 2518 942 2582 Inferius
952 2518 1089 2601 duplex.
1134 2519 1284 2602 Vespere
1299 2529 1396 2583 erunt

196 2603 238 2667 de
253 2606 415 2688 apostolo
430 2616 464 2669 et
479 2606 626 2670 solennis
642 2606 803 2669 memoria
818 2607 860 2669 de
876 2616 992 2670 sancta
1009 2607 1121 2669 Anna.

238 2732 271 2802 (Ι
296 2726 393 2789 Feria
408 2727 459 2789 iii.
475 2728 518 2790 de
532 2736 648 2790 sancta
664 2726 776 2803 Anna,
793 2727 1025 2790 inuitatorium
1041 2726 1172 2810 triplex.

196 2931 205 2995 l
237 2846 392 2946 (lFeria
421 2846 484 2911 iiii.
517 2847 560 2910 de
593 2845 853 2923 Dormientibus,
880 2846 1113 2909 Inuitatorium
1144 2845 1291 2929 duplex:
1329 2856 1396 2909 tres

208 2943 364 2997 ectrones

238 3059 272 3129 (Ι
297 3053 394 3116 Feria
409 3073 446 3117 .v.
462 3054 505 3117 de
521 3051 607 3116 sesto
623 3051 695 3128 loci,
711 3062 745 3116 et
760 3054 826 3116 due
842 3053 1022 3116 memorie.‘¹

197 3260 207 3322 l
238 3174 395 3274 (ΙΡετία
437 3174 486 3236 .νί.
524 3173 567 3236 de
606 3173 820 3256 martyribusi
874 3173 1108 3238 Inuitatorium
1151 3174 1289 3257 duplex,
1331 3185 1398 3238 tres

209 3271 365 3324 ectrones.

239 3387 272 3457 (Ι
297 3379 456 3455 Sabbato,
487 3380 530 3444 de
561 3389 676 3443 sancta
701 3380 818 3454 Maria,
849 3390 883 3443 et
914 3381 1073 3444 memoria
1104 3382 1147 3445 de
1177 3378 1400 3464 martyribus⁸

197 3468 265 3532 Vbi
288 3467 373 3531 fiunt
395 3478 472 3533 tres
480 3468 827 3545 commemorationes,
842 3468 874 3530 in
891 3468 940 3532 .vi.
957 3467 1037 3531 seria
1053 3467 1112 3532 fiat
1127 3468 1180 3531 .ii.⁹
1195 3487 1398 3531 commemo·

198 3556 289 3618 ratio.

240 3680 275 3751 (Ι
297 3674 355 3738 Ab
376 3674 439 3737 hac
461 3673 516 3737 die
541 3694 645 3755 vsque
671 3673 713 3737 ad
742 3674 1033 3738 Circumcisionem
1058 3674 1195 3738 Domini
1218 3674 1399 3758 accipiatur

199 3772 334 3825 sextum
349 3763 381 3824 A
387 3762 420 3837 ,¹⁰
435 3782 496 3844 pro
519 3762 630 3824 littera
644 3761 844 3825 dominicali.

230 4243 237 4274 ¹
256 4244 282 4295 S.
295 4245 450 4310 Apollinare.
842 4242 854 4275 ⁹
869 4245 1005 4297 memoria:
1020 4261 1067 4295 orn.
1081 4258 1123 4308 97,
1134 4258 1175 4296 οι.

229 4309 283 4360 ³8.
305 4312 405 4360 lacobo.
489 4312 494 4321 ’
841 4309 852 4340 ⁴
868 4311 914 4361 SS.
929 4310 1082 4361 Christoloro
1093 4323 1118 4361 et
1126 4311 1255 4361 Cuculato.

229 4373 240 4404 ³
256 4377 302 4425 sub
312 4375 430 4426 silentio:
447 4377 503 4425 add.
518 4375 559 4437 87,
572 4374 611 4426 88.
841 4373 853 4405 ⁸
870 4377 909 4426 De
922 4376 968 4426 SS.
983 4377 1105 4427 Samsone
1116 4386 1141 4427 et
1153 4377 1331 4427 Penthaleone.

229 4439 240 4471 ⁷
257 4442 303 4490 SS.
318 4441 411 4500 Felice,
425 4441 478 4492 Sim
498 4441 565 4501 licio,
578 4441 698 4492 Faustino
709 4450 734 4491 et
747 4440 867 4491 Beatrice.

230 4504 241 4536 ⁸
258 4508 304 4557 SS.
319 4506 427 4556 Abdone
439 4516 464 4557 et
485 4509 490 4519 ’
508 4522 583 4556 nnen.
748 4503 760 4537 ⁹
775 4506 783 4556 i
795 4525 802 4557 r
820 4505 861 4568 87,
873 4503 914 4556 88.
1080 4504 1101 4537 ¹⁰
1116 4509 1161 4572 leg.
1177 4509 1295 4558 ‘Sextum
1309 4509 1352 4558 B.'
