<?xml version="1.0" encoding="UTF-8"?>
<!DOCTYPE html PUBLIC "-//W3C//DTD XHTML 1.0 Transitional//EN"
    "http://www.w3.org/TR/xhtml1/DTD/xhtml1-transitional.dtd">
<html xmlns="http://www.w3.org/1999/xhtml" xml:lang="en" lang="en">
 <head>
  <title>
</title>
<meta http-equiv="Content-Type" content="text/html;charset=utf-8" />
  <meta name='ocr-system' content='tesseract 3.04.00' />
  <meta name='ocr-capabilities' content='ocr_page ocr_carea ocr_par ocr_line ocrx_word'/>
</head>
<body>
  <div class='ocr_page' id='page_1' title='image "./ordinalesarvmsi00cathgoog/ordinalesarvmsi00cathgoog_0326.png"; bbox 0 0 3326 5208; ppageno 0'>
   <div class='ocr_carea' id='block_1_1' title="bbox 519 483 1395 545">
    <p class='ocr_par' dir='ltr' id='par_1_1' title="bbox 519 483 1395 545">
     <span class='ocr_line' id='line_1_1' title="bbox 519 483 1395 545; baseline 0.002 -14"><span class='ocrx_word' id='word_1_1' title='bbox 519 483 697 534; x_wconf 86' lang='lat' dir='ltr'><em>TERCIUM</em></span> <span class='ocrx_word' id='word_1_2' title='bbox 717 484 746 534; x_wconf 85' lang='lat' dir='ltr'>C.</span> <span class='ocrx_word' id='word_1_3' title='bbox 779 484 847 533; x_wconf 79' lang='lat' dir='ltr'>xvii.</span> <span class='ocrx_word' id='word_1_4' title='bbox 865 484 915 533; x_wconf 78' lang='lat' dir='ltr'>xit.</span> <span class='ocrx_word' id='word_1_5' title='bbox 935 485 973 534; x_wconf 80' lang='lat' dir='ltr'>ix.</span> <span class='ocrx_word' id='word_1_6' title='bbox 991 484 1028 533; x_wconf 81' lang='lat' dir='ltr'>vi.</span> <span class='ocrx_word' id='word_1_7' title='bbox 1042 485 1061 534; x_wconf 76' lang='grc' dir='ltr'>ι’.</span> <span class='ocrx_word' id='word_1_8' title='bbox 1347 494 1395 545; x_wconf 89' lang='lat'>217</span> 
     </span>
    </p>
   </div>
   <div class='ocr_carea' id='block_1_2' title="bbox 229 634 794 711">
    <p class='ocr_par' dir='ltr' id='par_1_2' title="bbox 229 634 794 711">
     <span class='ocr_line' id='line_1_2' title="bbox 229 634 794 711; baseline -0.002 -12"><span class='ocrx_word' id='word_1_9' title='bbox 229 641 264 711; x_wconf 98' lang='grc'>11</span> <span class='ocrx_word' id='word_1_10' title='bbox 286 634 459 711; x_wconf 85' lang='lat' dir='ltr'>¹Sabbato,</span> <span class='ocrx_word' id='word_1_11' title='bbox 474 638 518 699; x_wconf 87' lang='lat' dir='ltr'>de</span> <span class='ocrx_word' id='word_1_12' title='bbox 532 645 649 700; x_wconf 90' lang='lat' dir='ltr'>sancta</span> <span class='ocrx_word' id='word_1_13' title='bbox 665 637 794 701; x_wconf 81' lang='lat' dir='ltr'>Maria.l</span> 
     </span>
    </p>
   </div>
   <div class='ocr_carea' id='block_1_3' title="bbox 186 746 1396 899">
    <p class='ocr_par' dir='ltr' id='par_1_3' title="bbox 186 746 1396 899">
     <span class='ocr_line' id='line_1_3' title="bbox 230 746 1396 827; baseline 0.001 -17"><span class='ocrx_word' id='word_1_14' title='bbox 230 753 265 823; x_wconf 98' lang='grc'>11</span> <span class='ocrx_word' id='word_1_15' title='bbox 287 747 356 811; x_wconf 90' lang='lat' dir='ltr'>Vbi</span> <span class='ocrx_word' id='word_1_16' title='bbox 392 746 476 812; x_wconf 84' lang='lat' dir='ltr'>fiunt</span> <span class='ocrx_word' id='word_1_17' title='bbox 511 757 577 811; x_wconf 86' lang='lat' dir='ltr'>tres</span> <span class='ocrx_word' id='word_1_18' title='bbox 612 749 956 827; x_wconf 87' lang='lat' dir='ltr'>commemorationes,</span> <span class='ocrx_word' id='word_1_19' title='bbox 986 750 1023 813; x_wconf 88' lang='lat' dir='ltr'>ln</span> <span class='ocrx_word' id='word_1_20' title='bbox 1051 750 1099 813; x_wconf 90' lang='lat' dir='ltr'>.vi.</span> <span class='ocrx_word' id='word_1_21' title='bbox 1127 748 1208 812; x_wconf 84' lang='lat' dir='ltr'>seria</span> <span class='ocrx_word' id='word_1_22' title='bbox 1239 748 1299 812; x_wconf 86' lang='lat' dir='ltr'>fiat</span> <span class='ocrx_word' id='word_1_23' title='bbox 1329 768 1396 812; x_wconf 89' lang='lat' dir='ltr'>vna</span> 
     </span>
     <span class='ocr_line' id='line_1_4' title="bbox 186 836 471 899; baseline 0.007 -2"><span class='ocrx_word' id='word_1_24' title='bbox 186 836 471 899; x_wconf 85' lang='lat' dir='ltr'>commemoratio.</span> 
     </span>
    </p>
   </div>
   <div class='ocr_carea' id='block_1_4' title="bbox 364 947 1396 1117">
    <p class='ocr_par' dir='ltr' id='par_1_4' title="bbox 364 947 1396 1117">
     <span class='ocr_line' id='line_1_5' title="bbox 364 947 1396 1025; baseline 0 -16"><span class='ocrx_word' id='word_1_25' title='bbox 364 952 399 1022; x_wconf 98' lang='grc'>11</span> <span class='ocrx_word' id='word_1_26' title='bbox 423 947 602 1010; x_wconf 88' lang='lat' dir='ltr'>Dominica</span> <span class='ocrx_word' id='word_1_27' title='bbox 624 947 684 1025; x_wconf 83' lang='lat' dir='ltr'>iii,</span> <span class='ocrx_word' id='word_1_28' title='bbox 711 956 783 1011; x_wconf 89' lang='lat' dir='ltr'>tota</span> <span class='ocrx_word' id='word_1_29' title='bbox 812 958 964 1012; x_wconf 87' lang='lat' dir='ltr'>cantetur</span> <span class='ocrx_word' id='word_1_30' title='bbox 986 949 1130 1013; x_wconf 86' lang='lat' dir='ltr'>historia</span> <span class='ocrx_word' id='word_1_31' title='bbox 1178 949 1216 1011; x_wconf 90' lang='lat' dir='ltr'>ln</span> <span class='ocrx_word' id='word_1_32' title='bbox 1241 947 1396 1011; x_wconf 86' lang='lat' dir='ltr'>laudibus</span> 
     </span>
     <span class='ocr_line' id='line_1_6' title="bbox 366 1034 874 1117; baseline 0.004 -21"><span class='ocrx_word' id='word_1_33' title='bbox 366 1054 483 1097; x_wconf 90' lang='lat' dir='ltr'>omnes</span> <span class='ocrx_word' id='word_1_34' title='bbox 498 1034 681 1117; x_wconf 86' lang='lat' dir='ltr'>antiphone</span> <span class='ocrx_word' id='word_1_35' title='bbox 697 1035 874 1099; x_wconf 73' lang='lat' dir='ltr'>dicuutur.²</span> 
     </span>
    </p>
   </div>
   <div class='ocr_carea' id='block_1_5' title="bbox 188 1145 1396 1296">
    <p class='ocr_par' dir='ltr' id='par_1_5' title="bbox 188 1145 1396 1296">
     <span class='ocr_line' id='line_1_7' title="bbox 188 1145 1396 1292; baseline 0.001 -84"><span class='ocrx_word' id='word_1_36' title='bbox 188 1229 199 1292; x_wconf 70' lang='grc'><strong>1</strong></span> <span class='ocrx_word' id='word_1_37' title='bbox 232 1145 387 1244; x_wconf 71' lang='grc' dir='ltr'><strong>11Ρετὶα</strong></span> <span class='ocrx_word' id='word_1_38' title='bbox 412 1147 452 1210; x_wconf 82' lang='lat' dir='ltr'>ii.</span> <span class='ocrx_word' id='word_1_39' title='bbox 479 1146 521 1209; x_wconf 91' lang='lat' dir='ltr'>de</span> <span class='ocrx_word' id='word_1_40' title='bbox 548 1158 665 1210; x_wconf 83' lang='lat' dir='ltr'>sancta</span> <span class='ocrx_word' id='word_1_41' title='bbox 700 1147 845 1229; x_wconf 86' lang='lat' dir='ltr'>Brigida,</span> <span class='ocrx_word' id='word_1_42' title='bbox 876 1147 1110 1212; x_wconf 90' lang='lat' dir='ltr'>Inuitatorium</span> <span class='ocrx_word' id='word_1_43' title='bbox 1148 1146 1304 1230; x_wconf 86' lang='lat' dir='ltr'>simplex,</span> <span class='ocrx_word' id='word_1_44' title='bbox 1329 1155 1396 1210; x_wconf 87' lang='lat' dir='ltr'>tres</span> 
     </span>
     <span class='ocr_line' id='line_1_8' title="bbox 200 1242 356 1296; baseline 0.026 -4"><span class='ocrx_word' id='word_1_45' title='bbox 200 1242 356 1296; x_wconf 83' lang='lat' dir='ltr'>ectrones</span> 
     </span>
    </p>
   </div>
   <div class='ocr_carea' id='block_1_6' title="bbox 232 1344 1396 1428">
    <p class='ocr_par' dir='ltr' id='par_1_6' title="bbox 232 1344 1396 1428">
     <span class='ocr_line' id='line_1_9' title="bbox 232 1344 1396 1428; baseline 0.003 -22"><span class='ocrx_word' id='word_1_46' title='bbox 232 1348 266 1418; x_wconf 92' lang='grc'>11</span> <span class='ocrx_word' id='word_1_47' title='bbox 290 1344 388 1406; x_wconf 86' lang='lat' dir='ltr'>Feria</span> <span class='ocrx_word' id='word_1_48' title='bbox 402 1344 453 1408; x_wconf 83' lang='lat' dir='ltr'>iii.</span> <span class='ocrx_word' id='word_1_49' title='bbox 471 1346 608 1408; x_wconf 81' lang='lat' dir='ltr'>Festum</span> <span class='ocrx_word' id='word_1_50' title='bbox 627 1344 868 1409; x_wconf 88' lang='lat' dir='ltr'>Purificationis</span> <span class='ocrx_word' id='word_1_51' title='bbox 884 1347 982 1410; x_wconf 87' lang='lat' dir='ltr'>beate</span> <span class='ocrx_word' id='word_1_52' title='bbox 1006 1346 1121 1419; x_wconf 85' lang='lat' dir='ltr'>Marie,</span> <span class='ocrx_word' id='word_1_53' title='bbox 1138 1347 1245 1410; x_wconf 88' lang='lat' dir='ltr'>maius</span> <span class='ocrx_word' id='word_1_54' title='bbox 1260 1345 1396 1428; x_wconf 89' lang='lat' dir='ltr'>duplex.</span> 
     </span>
    </p>
   </div>
   <div class='ocr_carea' id='block_1_7' title="bbox 188 1428 1397 1582">
    <p class='ocr_par' dir='ltr' id='par_1_7' title="bbox 188 1428 1397 1582">
     <span class='ocr_line' id='line_1_10' title="bbox 190 1428 1397 1515; baseline 0.002 -23"><span class='ocrx_word' id='word_1_55' title='bbox 190 1428 248 1493; x_wconf 89' lang='lat' dir='ltr'>Ad</span> <span class='ocrx_word' id='word_1_56' title='bbox 271 1431 435 1494; x_wconf 87' lang='lat' dir='ltr'>secundas</span> <span class='ocrx_word' id='word_1_57' title='bbox 458 1453 613 1514; x_wconf 87' lang='lat' dir='ltr'>vesperas</span> <span class='ocrx_word' id='word_1_58' title='bbox 640 1453 700 1515; x_wconf 93' lang='lat' dir='ltr'>pro</span> <span class='ocrx_word' id='word_1_59' title='bbox 723 1433 852 1515; x_wconf 89' lang='lat' dir='ltr'>hymno</span> <span class='ocrx_word' id='word_1_60' title='bbox 873 1434 1004 1497; x_wconf 84' lang='lat' dir='ltr'>dicatur</span> <span class='ocrx_word' id='word_1_61' title='bbox 1025 1433 1244 1497; x_wconf 84' lang='lat' dir='ltr'>Letabundus.</span> <span class='ocrx_word' id='word_1_62' title='bbox 1291 1432 1397 1496; x_wconf 89' lang='lat' dir='ltr'>Nihil³</span> 
     </span>
     <span class='ocr_line' id='line_1_11' title="bbox 188 1518 502 1582; baseline 0.01 -3"><span class='ocrx_word' id='word_1_63' title='bbox 188 1518 232 1580; x_wconf 90' lang='lat' dir='ltr'>de</span> <span class='ocrx_word' id='word_1_64' title='bbox 247 1530 365 1581; x_wconf 89' lang='lat' dir='ltr'>sancto</span> <span class='ocrx_word' id='word_1_65' title='bbox 382 1518 502 1582; x_wconf 84' lang='lat' dir='ltr'>Blasio</span> 
     </span>
    </p>
   </div>
   <div class='ocr_carea' id='block_1_8' title="bbox 190 1630 1449 1801">
    <p class='ocr_par' dir='ltr' id='par_1_8' title="bbox 190 1630 1449 1801">
     <span class='ocr_line' id='line_1_12' title="bbox 233 1630 1449 1714; baseline -0.002 -22"><span class='ocrx_word' id='word_1_66' title='bbox 233 1634 268 1704; x_wconf 97' lang='grc'>11</span> <span class='ocrx_word' id='word_1_67' title='bbox 291 1630 388 1693; x_wconf 87' lang='lat' dir='ltr'>Feria</span> <span class='ocrx_word' id='word_1_68' title='bbox 413 1631 477 1695; x_wconf 80' lang='lat' dir='ltr'>,iiii</span> <span class='ocrx_word' id='word_1_69' title='bbox 505 1633 547 1694; x_wconf 91' lang='lat' dir='ltr'>de</span> <span class='ocrx_word' id='word_1_70' title='bbox 582 1642 698 1695; x_wconf 90' lang='lat' dir='ltr'>sancto</span> <span class='ocrx_word' id='word_1_71' title='bbox 736 1632 862 1709; x_wconf 68' lang='lat' dir='ltr'>Blasio,</span> <span class='ocrx_word' id='word_1_72' title='bbox 891 1632 1124 1696; x_wconf 87' lang='lat' dir='ltr'>Inuitatorium</span> <span class='ocrx_word' id='word_1_73' title='bbox 1162 1631 1299 1714; x_wconf 88' lang='lat' dir='ltr'>duplex,</span> <span class='ocrx_word' id='word_1_74' title='bbox 1331 1642 1398 1695; x_wconf 90' lang='lat' dir='ltr'>tres</span> <span class='ocrx_word' id='word_1_75' title='bbox 1443 1678 1449 1689; x_wconf 94' lang='lat'>.</span> 
     </span>
     <span class='ocr_line' id='line_1_13' title="bbox 190 1715 897 1801; baseline 0.008 -24"><span class='ocrx_word' id='word_1_76' title='bbox 190 1715 358 1782; x_wconf 89' lang='lat' dir='ltr'>lectiones.</span> <span class='ocrx_word' id='word_1_77' title='bbox 405 1716 597 1801; x_wconf 90' lang='lat' dir='ltr'>Capitulum</span> <span class='ocrx_word' id='word_1_78' title='bbox 616 1718 734 1783; x_wconf 85' lang='lat' dir='ltr'>Omnis</span> <span class='ocrx_word' id='word_1_79' title='bbox 741 1720 897 1801; x_wconf 80' lang='lat' dir='ltr'>pontifex.</span> 
     </span>
    </p>
   </div>
   <div class='ocr_carea' id='block_1_9' title="bbox 233 1829 688 1903">
    <p class='ocr_par' dir='ltr' id='par_1_9' title="bbox 233 1829 688 1903">
     <span class='ocr_line' id='line_1_14' title="bbox 233 1829 688 1903; baseline 0.009 -13"><span class='ocrx_word' id='word_1_80' title='bbox 233 1833 268 1903; x_wconf 98' lang='grc'>11</span> <span class='ocrx_word' id='word_1_81' title='bbox 292 1829 389 1891; x_wconf 88' lang='lat' dir='ltr'>Feria</span> <span class='ocrx_word' id='word_1_82' title='bbox 403 1852 440 1893; x_wconf 90' lang='lat' dir='ltr'>.v.</span> <span class='ocrx_word' id='word_1_83' title='bbox 456 1831 499 1893; x_wconf 91' lang='lat' dir='ltr'>de</span> <span class='ocrx_word' id='word_1_84' title='bbox 516 1831 600 1894; x_wconf 87' lang='lat' dir='ltr'>sesto</span> <span class='ocrx_word' id='word_1_85' title='bbox 616 1831 688 1895; x_wconf 89' lang='lat' dir='ltr'>loci.</span> 
     </span>
    </p>
   </div>
   <div class='ocr_carea' id='block_1_10' title="bbox 192 1942 1398 2111">
    <p class='ocr_par' dir='ltr' id='par_1_10' title="bbox 192 1942 1398 2111">
     <span class='ocr_line' id='line_1_15' title="bbox 233 1942 1398 2026; baseline 0.002 -23"><span class='ocrx_word' id='word_1_86' title='bbox 233 1946 268 2016; x_wconf 98' lang='grc'>11</span> <span class='ocrx_word' id='word_1_87' title='bbox 292 1942 389 2004; x_wconf 89' lang='lat' dir='ltr'>Feria</span> <span class='ocrx_word' id='word_1_88' title='bbox 415 1942 464 2006; x_wconf 88' lang='lat' dir='ltr'>.vi.</span> <span class='ocrx_word' id='word_1_89' title='bbox 491 1942 533 2005; x_wconf 89' lang='lat' dir='ltr'>de</span> <span class='ocrx_word' id='word_1_90' title='bbox 571 1954 687 2008; x_wconf 90' lang='lat' dir='ltr'>sancta</span> <span class='ocrx_word' id='word_1_91' title='bbox 721 1942 868 2026; x_wconf 85' lang='lat' dir='ltr'>Agatha,</span> <span class='ocrx_word' id='word_1_92' title='bbox 896 1944 940 2008; x_wconf 90' lang='lat' dir='ltr'>ix.</span> <span class='ocrx_word' id='word_1_93' title='bbox 968 1943 1135 2008; x_wconf 88' lang='lat' dir='ltr'>lectiones.</span> <span class='ocrx_word' id='word_1_94' title='bbox 1204 1942 1398 2026; x_wconf 88' lang='lat' dir='ltr'>Capitulum</span> 
     </span>
     <span class='ocr_line' id='line_1_16' title="bbox 192 2026 376 2111; baseline 0 -18"><span class='ocrx_word' id='word_1_95' title='bbox 192 2026 376 2111; x_wconf 76' lang='lat' dir='ltr'>Confitebor.</span> 
     </span>
    </p>
   </div>
   <div class='ocr_carea' id='block_1_11' title="bbox 233 2140 1399 2217">
    <p class='ocr_par' dir='ltr' id='par_1_11' title="bbox 233 2140 1399 2217">
     <span class='ocr_line' id='line_1_17' title="bbox 233 2140 1399 2217; baseline 0.001 -14"><span class='ocrx_word' id='word_1_96' title='bbox 233 2145 268 2215; x_wconf 97' lang='grc'>11</span> <span class='ocrx_word' id='word_1_97' title='bbox 291 2140 450 2217; x_wconf 85' lang='lat' dir='ltr'>Sabbato,</span> <span class='ocrx_word' id='word_1_98' title='bbox 466 2142 509 2205; x_wconf 91' lang='lat' dir='ltr'>de</span> <span class='ocrx_word' id='word_1_99' title='bbox 532 2153 647 2206; x_wconf 87' lang='lat' dir='ltr'>sancta</span> <span class='ocrx_word' id='word_1_100' title='bbox 672 2143 799 2207; x_wconf 91' lang='lat' dir='ltr'>Maria:</span> <span class='ocrx_word' id='word_1_101' title='bbox 821 2151 854 2206; x_wconf 92' lang='lat' dir='ltr'>et</span> <span class='ocrx_word' id='word_1_102' title='bbox 880 2144 1040 2207; x_wconf 88' lang='lat' dir='ltr'>memoria</span> <span class='ocrx_word' id='word_1_103' title='bbox 1064 2144 1107 2207; x_wconf 92' lang='lat' dir='ltr'>de</span> <span class='ocrx_word' id='word_1_104' title='bbox 1133 2142 1399 2207; x_wconf 83' lang='lat' dir='ltr'>consessoribus.⁴</span> 
     </span>
    </p>
   </div>
   <div class='ocr_carea' id='block_1_12' title="bbox 191 2225 1400 2397">
    <p class='ocr_par' dir='ltr' id='par_1_12' title="bbox 191 2225 1400 2397">
     <span class='ocr_line' id='line_1_18' title="bbox 191 2225 1400 2397; baseline 0.002 -108"><span class='ocrx_word' id='word_1_105' title='bbox 191 2225 239 2375; x_wconf 40' lang='lat' dir='ltr'>Rp</span> <span class='ocrx_word' id='word_1_106' title='bbox 262 2228 375 2397; x_wconf 46' lang='lat' dir='ltr'>misssi}</span> <span class='ocrx_word' id='word_1_107' title='bbox 397 2228 436 2291; x_wconf 91' lang='lat' dir='ltr'><em>K</em></span> <span class='ocrx_word' id='word_1_108' title='bbox 426 2229 502 2308; x_wconf 83' lang='lat' dir='ltr'>yrie</span> <span class='ocrx_word' id='word_1_109' title='bbox 527 2229 763 2310; x_wconf 80' lang='lat' dir='ltr'>Omnipotens.</span> <span class='ocrx_word' id='word_1_110' title='bbox 789 2230 945 2311; x_wconf 79' lang='lat' dir='ltr'>Spiritus,</span> <span class='ocrx_word' id='word_1_111' title='bbox 971 2241 1004 2293; x_wconf 88' lang='lat' dir='ltr'>et</span> <span class='ocrx_word' id='word_1_112' title='bbox 1032 2232 1124 2306; x_wconf 77' lang='lat' dir='ltr'>alme,</span> <span class='ocrx_word' id='word_1_113' title='bbox 1150 2242 1185 2294; x_wconf 90' lang='lat' dir='ltr'>et</span> <span class='ocrx_word' id='word_1_114' title='bbox 1208 2229 1400 2293; x_wconf 80' lang='lat' dir='ltr'>Benedictus</span> 
     </span>
     <span class='ocr_line' id='line_1_19' title="bbox 235 2335 419 2380; baseline 0.022 -4"><span class='ocrx_word' id='word_1_115' title='bbox 235 2335 308 2376; x_wconf 77' lang='lat' dir='ltr'>arte</span> <span class='ocrx_word' id='word_1_116' title='bbox 359 2337 419 2380; x_wconf 82' lang='lat' dir='ltr'>eus.</span> 
     </span>
    </p>
   </div>
   <div class='ocr_carea' id='block_1_13' title="bbox 192 2425 1400 2579">
    <p class='ocr_par' dir='ltr' id='par_1_13' title="bbox 192 2425 1400 2579">
     <span class='ocr_line' id='line_1_20' title="bbox 234 2425 1400 2527; baseline 0.001 -38"><span class='ocrx_word' id='word_1_117' title='bbox 234 2432 268 2502; x_wconf 92' lang='grc'>11</span> <span class='ocrx_word' id='word_1_118' title='bbox 291 2425 461 2527; x_wconf 85' lang='lat' dir='ltr'>Vbifiunt</span> <span class='ocrx_word' id='word_1_119' title='bbox 481 2436 549 2492; x_wconf 88' lang='lat' dir='ltr'>tres</span> <span class='ocrx_word' id='word_1_120' title='bbox 572 2430 916 2506; x_wconf 84' lang='lat' dir='ltr'>commemorationes,</span> <span class='ocrx_word' id='word_1_121' title='bbox 933 2431 965 2492; x_wconf 93' lang='lat' dir='ltr'>in</span> <span class='ocrx_word' id='word_1_122' title='bbox 981 2429 1021 2494; x_wconf 89' lang='lat' dir='ltr'>.ii.</span> <span class='ocrx_word' id='word_1_123' title='bbox 1038 2429 1119 2493; x_wconf 86' lang='lat' dir='ltr'>feria</span> <span class='ocrx_word' id='word_1_124' title='bbox 1142 2428 1200 2493; x_wconf 87' lang='lat' dir='ltr'>fiat</span> <span class='ocrx_word' id='word_1_125' title='bbox 1221 2448 1287 2492; x_wconf 87' lang='lat' dir='ltr'>vna</span> <span class='ocrx_word' id='word_1_126' title='bbox 1310 2448 1400 2492; x_wconf 90' lang='lat' dir='ltr'>com-</span> 
     </span>
     <span class='ocr_line' id='line_1_21' title="bbox 192 2526 399 2579; baseline 0.014 -4"><span class='ocrx_word' id='word_1_127' title='bbox 192 2526 399 2579; x_wconf 82' lang='lat' dir='ltr'>memoratio.</span> 
     </span>
    </p>
   </div>
   <div class='ocr_carea' id='block_1_14' title="bbox 187 993 321 1066">
    <p class='ocr_par' dir='ltr' id='par_1_14' title="bbox 187 993 321 1066">
     <span class='ocr_line' id='line_1_22' title="bbox 187 993 321 1066; baseline 0.007 -2"><span class='ocrx_word' id='word_1_128' title='bbox 187 996 251 1064; x_wconf 79' lang='lat' dir='ltr'>Jan·</span> <span class='ocrx_word' id='word_1_129' title='bbox 266 993 321 1066; x_wconf 83' lang='lat'>31·]</span> 
     </span>
    </p>
   </div>
   <div class='ocr_carea' id='block_1_15' title="bbox 192 2627 1356 2711">
    <p class='ocr_par' dir='ltr' id='par_1_15' title="bbox 192 2627 1356 2711">
     <span class='ocr_line' id='line_1_23' title="bbox 192 2627 1356 2711; baseline 0.005 -26"><span class='ocrx_word' id='word_1_130' title='bbox 192 2632 262 2686; x_wconf 80' lang='lat' dir='ltr'>Feb.</span> <span class='ocrx_word' id='word_1_131' title='bbox 276 2629 314 2702; x_wconf 92' lang='lat'>7.]</span> <span class='ocrx_word' id='word_1_132' title='bbox 369 2633 404 2703; x_wconf 98' lang='grc'>11</span> <span class='ocrx_word' id='word_1_133' title='bbox 427 2628 606 2691; x_wconf 86' lang='lat' dir='ltr'>Dominica</span> <span class='ocrx_word' id='word_1_134' title='bbox 621 2628 654 2690; x_wconf 91' lang='lat' dir='ltr'>in</span> <span class='ocrx_word' id='word_1_135' title='bbox 672 2628 937 2711; x_wconf 76' lang='lat' dir='ltr'>Septuagesima,</span> <span class='ocrx_word' id='word_1_136' title='bbox 954 2638 1027 2693; x_wconf 87' lang='lat' dir='ltr'>tota</span> <span class='ocrx_word' id='word_1_137' title='bbox 1042 2637 1196 2691; x_wconf 89' lang='lat' dir='ltr'>cantetur</span> <span class='ocrx_word' id='word_1_138' title='bbox 1211 2627 1356 2691; x_wconf 80' lang='lat' dir='ltr'>historia</span> 
     </span>
    </p>
   </div>
   <div class='ocr_carea' id='block_1_16' title="bbox 192 2739 1400 2909">
    <p class='ocr_par' dir='ltr' id='par_1_16' title="bbox 192 2739 1400 2909">
     <span class='ocr_line' id='line_1_24' title="bbox 235 2739 1400 2823; baseline -0.001 -20"><span class='ocrx_word' id='word_1_139' title='bbox 235 2746 270 2816; x_wconf 98' lang='grc'>11</span> <span class='ocrx_word' id='word_1_140' title='bbox 294 2741 391 2803; x_wconf 89' lang='lat' dir='ltr'>Feria</span> <span class='ocrx_word' id='word_1_141' title='bbox 406 2741 445 2804; x_wconf 78' lang='lat' dir='ltr'>ii.</span> <span class='ocrx_word' id='word_1_142' title='bbox 461 2741 505 2803; x_wconf 91' lang='lat' dir='ltr'>de</span> <span class='ocrx_word' id='word_1_143' title='bbox 521 2740 608 2804; x_wconf 82' lang='lat' dir='ltr'>seria</span> <span class='ocrx_word' id='word_1_144' title='bbox 655 2741 880 2823; x_wconf 86' lang='lat' dir='ltr'>Responsoria</span> <span class='ocrx_word' id='word_1_145' title='bbox 895 2742 938 2803; x_wconf 91' lang='lat' dir='ltr'>de</span> <span class='ocrx_word' id='word_1_146' title='bbox 954 2741 1092 2804; x_wconf 89' lang='lat' dir='ltr'>historia</span> <span class='ocrx_word' id='word_1_147' title='bbox 1107 2739 1307 2815; x_wconf 88' lang='lat' dir='ltr'>dominicali,</span> <span class='ocrx_word' id='word_1_148' title='bbox 1324 2760 1400 2803; x_wconf 92' lang='lat' dir='ltr'>cum</span> 
     </span>
     <span class='ocr_line' id='line_1_25' title="bbox 192 2827 541 2909; baseline 0 -18"><span class='ocrx_word' id='word_1_149' title='bbox 192 2829 296 2892; x_wconf 86' lang='lat' dir='ltr'>missa</span> <span class='ocrx_word' id='word_1_150' title='bbox 313 2827 541 2909; x_wconf 77' lang='lat' dir='ltr'>Saluspopuli.</span> 
     </span>
    </p>
   </div>
   <div class='ocr_carea' id='block_1_17' title="bbox 236 2938 705 3016">
    <p class='ocr_par' dir='ltr' id='par_1_17' title="bbox 236 2938 705 3016">
     <span class='ocr_line' id='line_1_26' title="bbox 236 2938 705 3016; baseline 0 -14"><span class='ocrx_word' id='word_1_151' title='bbox 236 2946 271 3016; x_wconf 98' lang='grc'>11</span> <span class='ocrx_word' id='word_1_152' title='bbox 296 2940 392 3003; x_wconf 87' lang='lat' dir='ltr'>Feria</span> <span class='ocrx_word' id='word_1_153' title='bbox 407 2940 457 3003; x_wconf 83' lang='lat' dir='ltr'>iii.</span> <span class='ocrx_word' id='word_1_154' title='bbox 474 2942 517 3003; x_wconf 91' lang='lat' dir='ltr'>de</span> <span class='ocrx_word' id='word_1_155' title='bbox 533 2938 619 3002; x_wconf 88' lang='lat' dir='ltr'>sesto</span> <span class='ocrx_word' id='word_1_156' title='bbox 635 2939 705 3002; x_wconf 92' lang='lat' dir='ltr'>loci.</span> 
     </span>
    </p>
   </div>
   <div class='ocr_carea' id='block_1_18' title="bbox 235 3163 1272 3358">
    <p class='ocr_par' dir='ltr' id='par_1_18' title="bbox 235 3163 1272 3358">
     <span class='ocr_line' id='line_1_27' title="bbox 236 3163 1053 3246; baseline -0.001 -19"><span class='ocrx_word' id='word_1_157' title='bbox 236 3171 270 3241; x_wconf 93' lang='grc'>11</span> <span class='ocrx_word' id='word_1_158' title='bbox 295 3165 392 3227; x_wconf 85' lang='lat' dir='ltr'>Feria</span> <span class='ocrx_word' id='word_1_159' title='bbox 407 3186 443 3228; x_wconf 90' lang='lat' dir='ltr'>.v.</span> <span class='ocrx_word' id='word_1_160' title='bbox 461 3165 503 3226; x_wconf 91' lang='lat' dir='ltr'>de</span> <span class='ocrx_word' id='word_1_161' title='bbox 519 3163 608 3239; x_wconf 85' lang='lat' dir='ltr'>feria,</span> <span class='ocrx_word' id='word_1_162' title='bbox 624 3184 699 3227; x_wconf 91' lang='lat' dir='ltr'>cum</span> <span class='ocrx_word' id='word_1_163' title='bbox 717 3166 818 3226; x_wconf 87' lang='lat' dir='ltr'>missa</span> <span class='ocrx_word' id='word_1_164' title='bbox 834 3176 952 3246; x_wconf 86' lang='lat' dir='ltr'>quarte</span> <span class='ocrx_word' id='word_1_165' title='bbox 968 3163 1053 3226; x_wconf 82' lang='lat' dir='ltr'>ferie.</span> 
     </span>
     <span class='ocr_line' id='line_1_28' title="bbox 235 3275 1272 3358; baseline -0.003 -18"><span class='ocrx_word' id='word_1_166' title='bbox 235 3283 269 3353; x_wconf 93' lang='grc'>11</span> <span class='ocrx_word' id='word_1_167' title='bbox 294 3278 403 3340; x_wconf 75' lang='lat' dir='ltr'>Feria⁵</span> <span class='ocrx_word' id='word_1_168' title='bbox 417 3277 465 3340; x_wconf 88' lang='lat' dir='ltr'>.vi.</span> <span class='ocrx_word' id='word_1_169' title='bbox 481 3275 525 3339; x_wconf 91' lang='lat' dir='ltr'>de</span> <span class='ocrx_word' id='word_1_170' title='bbox 540 3275 640 3339; x_wconf 83' lang='lat' dir='ltr'>feria:</span> <span class='ocrx_word' id='word_1_171' title='bbox 664 3286 697 3339; x_wconf 85' lang='lat' dir='ltr'>et</span> <span class='ocrx_word' id='word_1_172' title='bbox 714 3277 940 3358; x_wconf 89' lang='lat' dir='ltr'>Responsoria</span> <span class='ocrx_word' id='word_1_173' title='bbox 956 3276 1081 3339; x_wconf 79' lang='lat' dir='ltr'>ferialia</span> <span class='ocrx_word' id='word_1_174' title='bbox 1096 3275 1272 3339; x_wconf 71' lang='lat' dir='ltr'>dicuntur.²</span> 
     </span>
    </p>
   </div>
   <div class='ocr_carea' id='block_1_19' title="bbox 236 3388 778 3466">
    <p class='ocr_par' dir='ltr' id='par_1_19' title="bbox 236 3388 778 3466">
     <span class='ocr_line' id='line_1_29' title="bbox 236 3388 778 3466; baseline -0.004 -12"><span class='ocrx_word' id='word_1_175' title='bbox 236 3396 271 3466; x_wconf 97' lang='grc'>11</span> <span class='ocrx_word' id='word_1_176' title='bbox 295 3389 455 3466; x_wconf 86' lang='lat' dir='ltr'>Sabbato,</span> <span class='ocrx_word' id='word_1_177' title='bbox 470 3389 513 3451; x_wconf 87' lang='lat' dir='ltr'>de</span> <span class='ocrx_word' id='word_1_178' title='bbox 529 3401 646 3452; x_wconf 89' lang='lat' dir='ltr'>sancta</span> <span class='ocrx_word' id='word_1_179' title='bbox 663 3388 778 3452; x_wconf 84' lang='lat' dir='ltr'>Maria.</span> 
     </span>
    </p>
   </div>
   <div class='ocr_carea' id='block_1_20' title="bbox 193 3498 1403 3654">
    <p class='ocr_par' dir='ltr' id='par_1_20' title="bbox 193 3498 1403 3654">
     <span class='ocr_line' id='line_1_30' title="bbox 237 3498 1403 3579; baseline -0.003 -15"><span class='ocrx_word' id='word_1_180' title='bbox 237 3509 271 3579; x_wconf 92' lang='grc'>11</span> <span class='ocrx_word' id='word_1_181' title='bbox 294 3502 363 3565; x_wconf 92' lang='lat' dir='ltr'>Vbi</span> <span class='ocrx_word' id='word_1_182' title='bbox 379 3500 463 3564; x_wconf 90' lang='lat' dir='ltr'>fiunt</span> <span class='ocrx_word' id='word_1_183' title='bbox 486 3513 552 3565; x_wconf 90' lang='lat' dir='ltr'>tres</span> <span class='ocrx_word' id='word_1_184' title='bbox 575 3501 919 3575; x_wconf 80' lang='lat' dir='ltr'>commemorationes,</span> <span class='ocrx_word' id='word_1_185' title='bbox 935 3501 967 3562; x_wconf 94' lang='lat' dir='ltr'>in</span> <span class='ocrx_word' id='word_1_186' title='bbox 984 3501 1023 3564; x_wconf 80' lang='lat' dir='ltr'>ii.</span> <span class='ocrx_word' id='word_1_187' title='bbox 1041 3499 1121 3564; x_wconf 87' lang='lat' dir='ltr'>seria</span> <span class='ocrx_word' id='word_1_188' title='bbox 1145 3498 1203 3562; x_wconf 89' lang='lat' dir='ltr'>fiat</span> <span class='ocrx_word' id='word_1_189' title='bbox 1224 3518 1291 3562; x_wconf 88' lang='lat' dir='ltr'>vna</span> <span class='ocrx_word' id='word_1_190' title='bbox 1313 3518 1403 3561; x_wconf 92' lang='lat' dir='ltr'>com-</span> 
     </span>
     <span class='ocr_line' id='line_1_31' title="bbox 193 3590 401 3654; baseline -0.01 0"><span class='ocrx_word' id='word_1_191' title='bbox 193 3590 401 3654; x_wconf 87' lang='lat' dir='ltr'>memoratio.</span> 
     </span>
    </p>
   </div>
   <div class='ocr_carea' id='block_1_21' title="bbox 195 3696 1404 3851">
    <p class='ocr_par' dir='ltr' id='par_1_21' title="bbox 195 3696 1404 3851">
     <span class='ocr_line' id='line_1_32' title="bbox 372 3696 1404 3776; baseline -0.002 -15"><span class='ocrx_word' id='word_1_192' title='bbox 372 3706 406 3776; x_wconf 93' lang='grc'>11</span> <span class='ocrx_word' id='word_1_193' title='bbox 430 3699 608 3763; x_wconf 89' lang='lat' dir='ltr'>Dominica</span> <span class='ocrx_word' id='word_1_194' title='bbox 634 3700 667 3763; x_wconf 89' lang='lat' dir='ltr'>in</span> <span class='ocrx_word' id='word_1_195' title='bbox 695 3701 749 3764; x_wconf 81' lang='lat' dir='ltr'>lx,</span> <span class='ocrx_word' id='word_1_196' title='bbox 776 3710 849 3763; x_wconf 86' lang='lat' dir='ltr'>tota</span> <span class='ocrx_word' id='word_1_197' title='bbox 876 3708 1029 3762; x_wconf 89' lang='lat' dir='ltr'>cantetur</span> <span class='ocrx_word' id='word_1_198' title='bbox 1053 3698 1218 3761; x_wconf 89' lang='lat' dir='ltr'>historia.</span> <span class='ocrx_word' id='word_1_199' title='bbox 1243 3696 1404 3760; x_wconf 89' lang='lat' dir='ltr'>memoria</span> 
     </span>
     <span class='ocr_line' id='line_1_33' title="bbox 195 3747 828 3851; baseline 0 -1"><span class='ocrx_word' id='word_1_200' title='bbox 195 3753 265 3807; x_wconf 60' lang='lat' dir='ltr'><strong>Feb·</strong></span> <span class='ocrx_word' id='word_1_201' title='bbox 282 3747 335 3820; x_wconf 70' lang='lat'>¹4]</span> <span class='ocrx_word' id='word_1_202' title='bbox 374 3787 432 3850; x_wconf 85' lang='lat' dir='ltr'>hat</span> <span class='ocrx_word' id='word_1_203' title='bbox 448 3789 490 3851; x_wconf 85' lang='lat' dir='ltr'>de</span> <span class='ocrx_word' id='word_1_204' title='bbox 505 3798 622 3850; x_wconf 89' lang='lat' dir='ltr'>sancto</span> <span class='ocrx_word' id='word_1_205' title='bbox 637 3787 828 3851; x_wconf 76' lang='lat' dir='ltr'>Valentino,</span> 
     </span>
    </p>
   </div>
   <div class='ocr_carea' id='block_1_22' title="bbox 239 3899 1379 4205">
    <p class='ocr_par' dir='ltr' id='par_1_22' title="bbox 239 3899 1379 4205">
     <span class='ocr_line' id='line_1_34' title="bbox 239 3899 1013 3981; baseline -0.001 -19"><span class='ocrx_word' id='word_1_206' title='bbox 239 3906 273 3976; x_wconf 95' lang='grc'>11</span> <span class='ocrx_word' id='word_1_207' title='bbox 300 3900 396 3962; x_wconf 87' lang='lat' dir='ltr'>Feria</span> <span class='ocrx_word' id='word_1_208' title='bbox 411 3900 450 3964; x_wconf 80' lang='lat' dir='ltr'>‚ii</span> <span class='ocrx_word' id='word_1_209' title='bbox 466 3903 509 3963; x_wconf 89' lang='lat' dir='ltr'>de</span> <span class='ocrx_word' id='word_1_210' title='bbox 526 3899 614 3964; x_wconf 88' lang='lat' dir='ltr'>seria.</span> <span class='ocrx_word' id='word_1_211' title='bbox 661 3900 767 3962; x_wconf 87' lang='lat' dir='ltr'>Missa</span> <span class='ocrx_word' id='word_1_212' title='bbox 784 3899 1013 3981; x_wconf 79' lang='lat' dir='ltr'>Saluspopuli.</span> 
     </span>
     <span class='ocr_line' id='line_1_35' title="bbox 240 4010 1088 4087; baseline -0.004 -12"><span class='ocrx_word' id='word_1_213' title='bbox 240 4018 273 4087; x_wconf 88' lang='grc'>11</span> <span class='ocrx_word' id='word_1_214' title='bbox 299 4012 395 4075; x_wconf 83' lang='lat' dir='ltr'>Feria</span> <span class='ocrx_word' id='word_1_215' title='bbox 410 4012 461 4075; x_wconf 79' lang='lat' dir='ltr'>iii.</span> <span class='ocrx_word' id='word_1_216' title='bbox 478 4015 520 4075; x_wconf 88' lang='lat' dir='ltr'>de</span> <span class='ocrx_word' id='word_1_217' title='bbox 536 4020 652 4075; x_wconf 88' lang='lat' dir='ltr'>sancta</span> <span class='ocrx_word' id='word_1_218' title='bbox 670 4010 807 4086; x_wconf 86' lang='lat' dir='ltr'>Iuliana,</span> <span class='ocrx_word' id='word_1_219' title='bbox 823 4032 900 4074; x_wconf 91' lang='lat' dir='ltr'>cum</span> <span class='ocrx_word' id='word_1_220' title='bbox 918 4020 1088 4074; x_wconf 85' lang='lat' dir='ltr'>nocturno.</span> 
     </span>
     <span class='ocr_line' id='line_1_36' title="bbox 239 4120 1379 4205; baseline -0.002 -18"><span class='ocrx_word' id='word_1_221' title='bbox 239 4130 274 4200; x_wconf 98' lang='grc'>11</span> <span class='ocrx_word' id='word_1_222' title='bbox 298 4125 393 4187; x_wconf 87' lang='lat' dir='ltr'>Feria</span> <span class='ocrx_word' id='word_1_223' title='bbox 409 4124 471 4188; x_wconf 82' lang='lat' dir='ltr'>,iiii</span> <span class='ocrx_word' id='word_1_224' title='bbox 487 4124 530 4186; x_wconf 85' lang='lat' dir='ltr'>de</span> <span class='ocrx_word' id='word_1_225' title='bbox 546 4123 634 4188; x_wconf 81' lang='lat' dir='ltr'>seria</span> <span class='ocrx_word' id='word_1_226' title='bbox 680 4124 834 4205; x_wconf 89' lang='lat' dir='ltr'>Epistola</span> <span class='ocrx_word' id='word_1_227' title='bbox 848 4134 882 4187; x_wconf 84' lang='lat' dir='ltr'>ct</span> <span class='ocrx_word' id='word_1_228' title='bbox 897 4122 1109 4204; x_wconf 85' lang='lat' dir='ltr'>euangelium</span> <span class='ocrx_word' id='word_1_229' title='bbox 1125 4121 1275 4184; x_wconf 87' lang='lat' dir='ltr'>eiusdem</span> <span class='ocrx_word' id='word_1_230' title='bbox 1293 4120 1379 4185; x_wconf 88' lang='lat' dir='ltr'>serie.</span> 
     </span>
    </p>
   </div>
   <div class='ocr_carea' id='block_1_23' title="bbox 227 4398 1225 4599">
    <p class='ocr_par' dir='ltr' id='par_1_23' title="bbox 227 4398 1225 4599">
     <span class='ocr_line' id='line_1_37' title="bbox 231 4398 1066 4465; baseline -0.002 -13"><span class='ocrx_word' id='word_1_231' title='bbox 231 4401 283 4438; x_wconf 82' lang='lat'>¹-¹</span> <span class='ocrx_word' id='word_1_232' title='bbox 299 4419 346 4453; x_wconf 85' lang='lat' dir='ltr'>om.</span> <span class='ocrx_word' id='word_1_233' title='bbox 361 4402 403 4465; x_wconf 78' lang='lat'>87,</span> <span class='ocrx_word' id='word_1_234' title='bbox 415 4402 456 4453; x_wconf 84' lang='grc'>88.</span> <span class='ocrx_word' id='word_1_235' title='bbox 850 4398 862 4430; x_wconf 74' lang='lat'>²</span> <span class='ocrx_word' id='word_1_236' title='bbox 878 4400 1009 4450; x_wconf 80' lang='lat' dir='ltr'>dicantur:</span> <span class='ocrx_word' id='word_1_237' title='bbox 1026 4399 1066 4450; x_wconf 83' lang='grc'>88.</span> 
     </span>
     <span class='ocr_line' id='line_1_38' title="bbox 228 4464 1225 4533; baseline -0.007 -13"><span class='ocrx_word' id='word_1_238' title='bbox 228 4467 372 4533; x_wconf 74' lang='lat' dir='ltr'>³etbesore</span> <span class='ocrx_word' id='word_1_239' title='bbox 383 4469 464 4519; x_wconf 82' lang='lat' dir='ltr'>nihil:</span> <span class='ocrx_word' id='word_1_240' title='bbox 481 4467 524 4530; x_wconf 86' lang='lat'>87,</span> <span class='ocrx_word' id='word_1_241' title='bbox 536 4466 576 4518; x_wconf 89' lang='lat'>88.</span> <span class='ocrx_word' id='word_1_242' title='bbox 851 4465 862 4495; x_wconf 85' lang='lat'><strong>⁴</strong></span> <span class='ocrx_word' id='word_1_243' title='bbox 878 4466 924 4517; x_wconf 89' lang='lat' dir='ltr'>SS.</span> <span class='ocrx_word' id='word_1_244' title='bbox 938 4466 1051 4516; x_wconf 80' lang='lat' dir='ltr'>Vedasto</span> <span class='ocrx_word' id='word_1_245' title='bbox 1061 4476 1087 4516; x_wconf 87' lang='lat' dir='ltr'>et</span> <span class='ocrx_word' id='word_1_246' title='bbox 1098 4464 1225 4514; x_wconf 80' lang='lat' dir='ltr'>Amando.</span> 
     </span>
     <span class='ocr_line' id='line_1_39' title="bbox 227 4532 572 4599; baseline -0.009 -14"><span class='ocrx_word' id='word_1_247' title='bbox 227 4532 241 4563; x_wconf 76' lang='lat'><strong><em>⁵</em></strong></span> <span class='ocrx_word' id='word_1_248' title='bbox 257 4543 283 4585; x_wconf 82' lang='lat' dir='ltr'>et</span> <span class='ocrx_word' id='word_1_249' title='bbox 294 4534 372 4599; x_wconf 81' lang='lat' dir='ltr'>inser</span> <span class='ocrx_word' id='word_1_250' title='bbox 382 4534 460 4585; x_wconf 84' lang='lat' dir='ltr'>seria:</span> <span class='ocrx_word' id='word_1_251' title='bbox 478 4545 519 4595; x_wconf 87' lang='lat'>97,</span> <span class='ocrx_word' id='word_1_252' title='bbox 531 4546 572 4583; x_wconf 92' lang='lat'>01.</span> 
     </span>
    </p>
   </div>
   <div class='ocr_carea' id='block_1_24' title="bbox 0 0 1686 5208">
    <p class='ocr_par' dir='ltr' id='par_1_24' title="bbox 0 0 1686 5208">
     <span class='ocr_line' id='line_1_40' title="bbox 0 0 1686 5208; baseline 0 0"><span class='ocrx_word' id='word_1_253' title='bbox 0 0 1686 5208; x_wconf 95' lang='lat' dir='ltr'> </span> 
     </span>
    </p>
   </div>
  </div>
 </body>
</html>
