3372 5224
284 445 330 497 180
596 453 871 504 DIRECTORIUM
899 454 1166 505 SACERDOTUM.

323 607 357 676 (Ι
382 601 409 664 F
410 605 557 682 eria.vi.,¹
579 604 661 669 Veni
673 605 799 680 de'lectel
810 630 823 670 .·
839 605 997 689 psalmus,
1010 607 1209 671 Benedictus.
1248 607 1305 672 Ad
1319 630 1486 691 vesperas,

280 690 464 771 antiphona
487 690 571 755 Veni
584 693 617 753 e'n
632 702 749 769 ortum,
765 695 913 775 psalmus
929 694 1136 776 Magnijicat.

323 807 357 876 (Ι
381 802 540 879 Sabbato,
570 804 754 886 antiphona
792 805 943 870 Ceneede':
976 806 1134 888 psalmus,
1172 805 1367 871 Benedictus.
1429 809 1486 873 Ad

279 908 443 970 vesperas,
474 892 658 973 antiphona
686 892 815 955 Anima
845 914 938 956 mea:
976 895 1137 978 memoria
1167 895 1210 956 de
1236 896 1414 973 dominica,
1444 898 1487 960 de

280 975 452 1052 Trinitate,
470 988 503 1041 et
519 979 685 1060 processio
702 978 767 1043 fiat.
816 981 855 1043 ln
871 979 1052 1055 redeund0,
1068 980 1253 1063 antiphona
1270 981 1435 1046 Salualor.

456 1095 490 1164 (Ι
514 1091 693 1154 Dominica
708 1091 782 1167 iiii,
792 1092 834 1155 de
845 1093 974 1155 octauis
987 1092 1085 1155 beate
1102 1091 1216 1158 Mario
1261 1096 1319 1157 Ad
1330 1116 1486 1178 vesperas

457 1178 523 1240 due
538 1179 707 1255 memorie,
722 1179 847 1241 scilicet
863 1180 905 1242 de
921 1180 1134 1262 martyribus²
1150 1190 1184 1242 et
1199 1180 1242 1242 de
1256 1180 1433 1246 dominica.

323 1291 357 1361 (Ι
381 1288 476 1351 Feria
501 1290 550 1367 .ii.,
580 1290 624 1353 de
653 1300 774 1353 octaua
805 1291 902 1354 beate
935 1290 1050 1367 Marie,
1083 1292 1317 1356 Inuitatorium
1352 1295 1485 1376 triplex,

279 1371 334 1437 .ix.
350 1375 519 1439 lectiones.
567 1377 606 1440 In
622 1378 777 1441 laudibus
794 1398 911 1441 omnes
923 1377 1107 1461 antiphone
1122 1380 1288 1443 dicuntur.

322 1492 356 1561 (Ι
380 1487 477 1551 Feria
501 1489 551 1551 iii.
576 1488 619 1552 de
651 1491 873 1571 martyribus,³
895 1500 961 1553 tres
992 1489 1160 1567 lectiones,
1197 1511 1275 1555 cum
1310 1502 1483 1558 nocturno.

278 1570 420 1637 Summa
436 1575 538 1639 missa
553 1577 614 1640 erit
629 1577 672 1639 de
687 1577 822 1659 vigilia.⁴

318 1691 355 1762 (Ι
378 1686 474 1750 Feria
489 1689 553 1753 iiii.
570 1689 613 1751 de
627 1699 745 1752 sancto
761 1689 1008 1767 Bartholomeo,
1026 1688 1168 1752 Inferius
1184 1689 1322 1773 duplex.

273 1800 473 1949 <saffira
497 1822 546 1880 .v.,
568 1802 611 1865 de
635 1800 722 1865 feria
770 1801 995 1883 Responsoria
1020 1800 1146 1864 ferialia
1170 1803 1331 1869 dicantur.
1378 1804 1484 1868 Missa

299 1906 443 1952 ommica
458 1908 492 1951 rs.

318 2003 352 2073 (Ι
376 1999 472 2062 Feria
487 2000 537 2064 .vi.
552 2000 596 2064 de
612 2001 697 2064 sesto
713 2001 784 2064 loci.

317 2117 351 2186 (Ι
374 2110 534 2189 Sabbato,
564 2113 607 2176 de
636 2121 753 2176 sancta
784 2111 901 2176 Maria
961 2113 1018 2176 Ad
1049 2133 1214 2195 vesperas,
1245 2116 1408 2178 memoria
1437 2117 1481 2179 de

272 2207 392 2261 sancto
424 2199 595 2274 Hermete,
625 2201 667 2263 de
698 2200 875 2277 dominica,
904 2209 938 2263 et
975 2202 1018 2263 de
1048 2200 1214 2264 Trinitate
1243 2203 1306 2265 sub
1336 2202 1480 2266 silencio

274 2285 389 2349 Nulla⁶
413 2288 588 2368 processio.
634 2287 701 2350 Vbi
728 2285 812 2350 liunt
837 2297 904 2349 tres
930 2288 1275 2366 commemorationes,
1290 2289 1322 2352 in
1337 2312 1385 2370 ,.v.
1401 2291 1480 2353 feria

273 2370 331 2435 fiat
344 2391 409 2436 vna
418 2375 701 2437 commemoratio.
739 2374 785 2436 Et
796 2373 1022 2455 Responsoria
1035 2373 1161 2436 ferialia
1171 2377 1480 2456 pretermittantur.⁰

274 2459 393 2523 Missa⁷
409 2460 618 2525 dominicalis
633 2462 763 2524 dicatur
778 2460 811 2522 in
827 2460 983 2542 capitu10,
999 2461 1032 2523 in
1048 2461 1160 2543 vigilia
1178 2462 1413 2527 Bartholomei.

278 1137 351 1207 Aug.
366 1137 422 1209 21.]

450 2577 484 2647 (Ι
507 2573 686 2636 Dominica
701 2594 748 2647 .v.,
765 2582 873 2635 totum
897 2571 940 2635 de
963 2581 1079 2635 sancto
1103 2571 1318 2657 Augustino.⁸
1363 2574 1480 2657 Capit·

450 2661 541 2723 ulum
554 2659 658 2722 Dedit
667 2659 853 2722 Dorreimes.⁹
898 2659 954 2721 Ad
968 2660 1131 2722 secundas
1143 2680 1307 2743 vesperas,
1319 2665 1479 2726 memoria

273 2745 316 2808 de
332 2746 500 2811 dominica
515 2749 578 2811 sub
592 2747 737 2823 silenci0,
753 2754 786 2809 et
810 2746 969 2809 memorie
994 2745 1037 2808 de
1060 2758 1178 2810 sancto
1205 2748 1363 2826 Iohanne,
1378 2759 1412 2813 et
1436 2752 1479 2814 de

273 2842 390 2896 sancta
406 2828 531 2897 Sabina
547 2834 700 2897 solennes
715 2842 819 2897 erunt.

273 2623 346 2692 Aug.
361 2620 418 2692 28]

316 2952 350 3021 (Ι
374 2946 470 3009 Feria
500 2947 540 3011 .ii.
570 2946 612 3009 de
642 2955 759 3008 sancto
786 2944 968 3020 lohanne,¹⁰
1001 2945 1234 3010 Inuitatorium
1259 2947 1392 3029 triplex,
1422 2948 1478 3011 ix.
1508 3016 1512 3023 ,

273 3031 431 3097 lectiones
463 3033 499 3117 [h
529 3033 595 3117 .iii.]
656 3033 829 3108 Memoria,
856 3041 890 3095 et
917 3032 1019 3095 missa
1049 3033 1082 3095 in
1113 3035 1259 3116 capitulo
1289 3034 1332 3098 de
1360 3046 1478 3099 sancta

273 3120 410 3187 Sabina.

317 3239 351 3309 (Ι
375 3234 471 3298 Feria
508 3234 560 3296 iii.
601 3232 644 3296 de
681 3231 916 3312 martyribus,¹1
963 3231 1196 3295 Inuitatorium
1236 3233 1372 3315 duplex,
1410 3246 1478 3298 tres

273 3321 458 3386 lectiones¹²
479 3369 608 3386 .....
631 3319 675 3382 de
690 3318 858 3381 communi
872 3317 968 3380 vnius
983 3318 1119 3401 virginis
1134 3340 1202 3383 non
1218 3322 1380 3402 martyris.

317 3440 351 3510 (Ι
374 3433 471 3496 Feria
497 3455 534 3496 .v.
558 3433 601 3496 de
630 3440 747 3494 sancto
778 3428 909 3512 Egidio.
956 3429 1069 3492 Medic
1099 3430 1258 3495 lectiones
1287 3431 1331 3495 de
1360 3441 1477 3496 sancto

274 3522 394 3595 Prisco,
410 3541 486 3585 cum
496 3520 662 3583 'versiculo
678 3527 712 3583 et
730 3517 960 3600 Responsoriis
976 3517 1018 3580 de
1036 3519 1183 3582 secundo
1199 3528 1361 3582 nocturno
1381 3520 1478 3583 vnius

273 3608 437 3692 martyris.

305 3861 315 3894 ¹
331 3862 485 3928 antiphona:
501 3861 558 3911 ndei.
572 3859 614 3922 87,
625 3858 667 3918 88,
677 3869 719 3921 97,
730 3871 771 3908 01.
813 3858 887 3909 Venit
895 3857 1007 3908 dilectus.
1043 3859 1129 3919 (Brea.
1144 3859 1202 3910 Sar.
1216 3859 1251 3910 iii.
1264 3859 1335 3922 690.)

304 3926 316 3959 ²
333 3929 378 3980 SS.
393 3928 528 3978 Timotheo
539 3935 564 3976 et
574 3924 767 3991 Symphoriano.
918 3920 929 3952 ³
946 3923 991 3975 SS.
1006 3922 1143 3975 Timotheo
1153 3934 1178 3975 et
1188 3925 1343 3990 Apollinare.

304 3993 316 4025 ⁴
332 3995 359 4046 S.
374 3991 551 4044 Bartholomei
918 3984 929 4016 ⁶
945 3998 971 4039 et
981 3989 1059 4054 besere
1069 3990 1156 4043 nulla:
1173 3990 1214 4052 87,
1227 3989 1267 4041 88.

304 4058 316 4091 ⁶
333 4061 400 4111 Nota
417 4058 484 4123 quod
500 4056 619 4108 lectiones
634 4063 660 4106 et
676 4054 802 4119 sequentie
819 4053 850 4104 de
867 4054 1103 4105 commemoratione
1116 4055 1144 4105 B.
1160 4054 1240 4106 Marie
1257 4055 1370 4106 dieantur
1386 4055 1476 4106 eodem

272 4125 359 4177 ordine
370 4125 433 4175 sicut
444 4132 502 4174 ante
513 4133 622 4173 octauas.
657 4122 733 4170 Brev.
747 4121 806 4170 Sar.
917 4124 926 4154 ¹
943 4130 968 4170 et
979 4120 1056 4185 before
1067 4120 1158 4172 missa:
1176 4120 1218 4182 87,
1230 4120 1270 4170 88.

304 4190 445 4256 ⁸Septima
461 4188 544 4249 lectio,
570 4189 614 4236 Vos
629 4195 686 4236 estes
701 4186 742 4234 sal
755 4193 827 4235 tem.
869 4185 918 4233 Sal
931 4187 1093 4250 appellantur
1108 4187 1217 4250 apostoli.
1265 4186 1299 4236 Et
1315 4186 1411 4251 legatur
1427 4185 1476 4237 ista

272 4256 401 4372 mielffn
412 4255 453 4371 dge
464 4254 529 4332 831}
560 4320 565 4331 ι
590 4249 984 4377 tinganptpffle‘ppngpnzpsum
1000 4251 1097 4302 Sarum.
1136 4252 1262 4302 CredeM.
1276 4254 1289 4312 fl
1303 4264 1357 4313 191,
1371 4267 1396 4317 p.
1410 4250 1450 4302 80.

440 4337 456 4369 o
483 4335 616 4370 mroaism
745 4335 753 4366 z
820 4353 826 4365 .
874 4352 881 4375 ,
928 4355 934 4368 .

305 4386 326 4419 ¹⁰
342 4336 485 4439 Spipoetpp
497 4333 674 4436 Decollation{¹
682 4382 708 4432 S.
724 4380 845 4431 Iohannis
857 4382 992 4448 Baptistae.

306 4451 325 4484 '¹
341 4453 387 4505 SS.
402 4451 485 4502 Felice
496 4461 521 4501 et
532 4449 656 4500 Adaucto.

304 4516 326 4549 ¹²
342 4517 415 4569 Feria
425 4517 469 4567 iiii.
480 4516 512 4567 de
523 4523 609 4567 sancta
620 4512 765 4577 Cuthburga
778 4510 951 4563 Inuitatorium
962 4512 1055 4578 duplex
1067 4520 1116 4562 tres
1127 4511 1246 4563 lectiones
1257 4531 1264 4564 r
1281 4512 1337 4562 odd
1352 4510 1393 4574 87,
1406 4511 1446 4562 88.
