3330 5218
271 454 306 502 41
593 442 866 494 DIRECTORIUM
883 442 1148 495 SACERDOTUM.

318 593 355 676 [b
369 593 415 677 ii]
438 600 472 670 (I
496 594 592 657 Feria
615 596 676 658 iiii.
700 596 743 658 de
765 590 890 658 sancto'
906 596 1038 672 Basilio,
1057 590 1289 660 Inuitatorium
1305 591 1474 680 simplex.

275 681 317 744 iii.
342 681 501 745 lectiones
526 682 568 744 de
594 683 771 745 communi.
818 683 922 745 Missa
946 684 1007 745 erit
1023 733 1030 746 .
1046 683 1088 746 de
1112 684 1287 762 dominica,
1308 706 1382 748 cum
1407 705 1477 749 me·

275 768 381 831 moria
395 768 438 831 de
456 770 584 831 sanctol
601 768 725 833 Cedda
771 768 938 834 Secunde2
953 790 1089 852 vespere
1105 781 1202 834 erunt
1216 773 1260 836 de
1275 773 1476 854 martyribus

276 855 356 918 Vito
386 870 420 919 et
451 856 617 932 Modesto,
652 856 834 938 antiphone
865 865 898 919 et
928 857 1046 938 psalmi
1083 856 1222 922 feriales.
1283 858 1475 941 Capitulum

277 940 395 1006 Sancti
401 952 464 1042 per
471 942 585 1025 fidem,
601 943 785 1026 antiphona
799 944 866 1006 Isti
878 954 958 1006 suat
969 946 1084 1022 sancti,
1099 945 1246 1029 psalmus
1262 946 1478 1030 Magm’ficae

277 1049 437 1092 memorie
452 1040 619 1093 consuete.

317 1188 352 1258 (Ι
375 1181 471 1245 Feria
486 1204 523 1244 .v.
540 1182 582 1244 de
597 1182 684 1245 sesto
699 1192 889 1246 sanctorum
907 1183 977 1246 Viti
993 1193 1026 1247 et
1044 1184 1196 1247 Modesti.
1244 1185 1476 1250 Inuitatorium

276 1267 412 1351 duplex,
442 1279 509 1332 tres
539 1268 707 1345 lectiones,
736 1270 915 1334 versiculus
945 1283 979 1334 ct
1005 1271 1230 1353 Responsoria
1259 1272 1302 1335 de
1332 1276 1478 1338 secundo

277 1365 439 1419 nocturno
462 1354 678 1439 plurimorum
704 1367 897 1437 martyrum,
920 1359 1078 1421 memorie
1101 1366 1265 1422 consuete.
1312 1359 1479 1425 Secunde²

277 1462 414 1525 vespere
436 1453 532 1506 erunt
555 1442 598 1506 de
621 1452 737 1507 sancto
762 1445 906 1506 Ricardo
928 1447 1086 1527 episcopo
1113 1455 1146 1508 et
1173 1446 1369 1522 consessore,
1394 1449 1478 1511 anti-

276 1530 389 1611 phona
404 1529 534 1592 Iustum
548 1529 691 1600 deduxit,
707 1532 827 1612 psalmi
844 1531 980 1596 feriales.
1026 1530 1219 1612 Capitulum
1232 1533 1311 1596 Ecce
1324 1535 1478 1598 sacerdos.

277 1617 537 1699 Responsorium
550 1617 653 1679 Miles
666 1615 818 1682 Chresti:
837 1620 996 1681 memoria
1011 1620 1054 1681 de
1067 1620 1280 1701 martyribus*
1296 1621 1481 1703 antiphona

279 1704 431 1768 Gaudent
445 1705 479 1767 in
494 1704 575 1767 celis.

319 1865 354 1935 (Ι
378 1859 475 1921 Feria
502 1859 552 1921 ‚vi
590 1859 632 1921 de
667 1868 784 1923 sancto
812 1860 966 1934 Ricard0,
995 1861 1039 1924 ix.
1067 1860 1244 1924 lectiones:
1281 1871 1347 1924 tres
1374 1865 1480 1945 prime

278 1946 437 2010 lectiones
471 1966 547 2011 cum
587 1946 654 2009 suis
694 1947 927 2028 Responsoriis
965 1948 1006 2010 de
1044 1948 1154 2031 primo
1184 1958 1347 2011 nocturno
1384 1951 1480 2014 vnius

278 2033 475 2095 confessoris
500 2042 534 2095 et
558 2032 734 2114 pontificis,
760 2034 882 2096 medie⁶
909 2035 1068 2097 lectiones
1092 2035 1134 2097 de
1159 2036 1372 2117 martyribus*
1402 2057 1478 2100 cum

279 2119 441 2183 versiculo
464 2129 497 2183 et
521 2120 753 2202 Responsoriis
779 2120 823 2183 de
849 2122 951 2184 tercio
975 2132 1138 2184 nocturno
1160 2120 1377 2205 plurimorum
1396 2145 1482 2187 mar·

279 2216 400 2289 tyrum,
422 2217 456 2270 et
479 2217 545 2270 tres
568 2206 684 2270 ultime
707 2206 865 2271 lectiones
888 2228 964 2270 cum
987 2209 1055 2272 suis
1073 2211 1304 2292 Responsoriis
1321 2212 1364 2273 de
1381 2213 1480 2274 tercio

280 2303 442 2357 nocturno
472 2295 568 2356 vnius
594 2293 791 2357 confessoris
819 2304 852 2357 et
879 2294 1054 2377 pontificis.
1110 2295 1303 2378 Capitulum
1331 2297 1482 2362 Benedic-

280 2381 420 2457 tionem,⁰
435 2391 468 2443 et
485 2381 644 2444 memoria
660 2382 702 2443 de
719 2382 926 2462 martyribus
974 2382 1140 2447 Secunde²
1162 2403 1298 2465 vespere
1320 2395 1417 2449 erunt
1439 2387 1482 2450 de

279 2478 396 2531 sancta
413 2468 520 2531 Maria
536 2517 542 2529 .
560 2477 593 2531 et
609 2468 768 2531 memoria
783 2469 826 2531 de
840 2479 958 2532 sancto
983 2471 1133 2534 Ricardo

281 2663 284 2667 >
322 2630 357 2701 11
379 2624 538 2699 sabbato,
574 2623 616 2686 de
652 2632 767 2686 sancta
803 2623 919 2686 Maria.
966 2622 1021 2686 Ad
1058 2643 1212 2706 vesperas
1245 2625 1406 2688 memoria
1442 2627 1484 2688 de

282 2712 495 2793 martyribus
522 2721 556 2774 et
582 2713 625 2774 de
649 2711 823 2787 Trinitate,
849 2720 882 2774 et
906 2712 1073 2793 processio
1100 2709 1165 2774 fiat.
1211 2711 1279 2774 Vbi
1305 2711 1389 2775 fiunt
1416 2722 1483 2776 tres

281 2799 624 2872 commemorationes,
659 2798 690 2859 in
725 2798 787 2860 iiii.
822 2797 901 2861 feria
937 2797 995 2861 het
1029 2818 1095 2861 vna
1125 2800 1420 2874 commemoratio,⁸
1449 2809 1484 2862 et

282 2886 442 2949 memoria
464 2895 595 2949 tantum
619 2884 661 2947 de
684 2895 801 2948 sancto
824 2883 968 2948 Basilio:
992 2894 1026 2947 et
1048 2897 1128 2948 tunc
1152 2886 1253 2949 missa
1276 2884 1485 2949 dominicalis

282 2973 316 3035 in
332 2973 478 3035 secunda
495 2971 574 3034 seria
590 2993 650 3054 pro
666 2992 798 3034 summa
814 2972 914 3034 missa
930 2971 1071 3036 dicitur.⁰

458 3133 492 3202 (1
524 3126 702 3188 Dominica
732 3127 772 3189 iii.
804 3126 938 3189 historie
968 3127 1060 3189 Deus
1088 3127 1244 3203 oram'um,
1274 3128 1316 3190 de
1346 3127 1485 3191 seruicio

283 3178 357 3248 June
373 3173 424 3245 ¹3⁸]
460 3213 671 3276 dominicali:
703 3213 811 3276 medie
835 3213 992 3276 lectiones
1019 3215 1062 3276 de
1089 3214 1290 3295 martyribus
1313 3215 1429 3276 Marco
1451 3224 1486 3278 et

286 3298 511 3376 Marcelliano,
536 3310 671 3363 sextum
700 3301 961 3383 Responsorium
989 3300 1060 3363 Hec
1083 3310 1132 3362 est
1161 3322 1238 3363 vera
1258 3301 1486 3382 fraternitas.

284 3384 435 3461 1⁰nonum
454 3388 715 3470 Responsorium
732 3387 956 3451 Berredictus.¹¹
998 3388 1037 3450 ln
1053 3387 1206 3451 laudibus
1216 3408 1281 3451 vna
1291 3388 1485 3470 antiphona,

281 3474 444 3536 memoria
474 3475 516 3538 de
547 3475 756 3555 martyribus,
787 3484 820 3537 et
850 3474 892 3537 de
922 3473 1093 3538 Trinitate.
1154 3474 1320 3539 Secunde²
1350 3495 1487 3558 vespere

285 3571 381 3623 erunt
411 3562 454 3623 de
484 3560 569 3624 sesto
600 3562 671 3637 loci,
703 3572 737 3624 et
768 3561 928 3624 memoria
958 3563 1000 3624 de
1031 3562 1231 3643 martyribus
1261 3562 1424 3626 Geruasio
1452 3572 1487 3625 et

287 3648 470 3726 Prothasi0,
486 3658 520 3712 et
535 3648 578 3711 de
593 3649 769 3712 dominica.

319 4043 326 4074 ¹
346 4043 438 4094 Basilio
440 4043 488 4108 sor
498 4043 602 4094 Cedda:
620 4053 660 4104 97,
673 4056 714 4103 01,
726 4041 767 4093 08.
906 4041 918 4072 ²
933 4043 1064 4093 Secunde:
1081 4059 1128 4092 om.
1143 4041 1184 4105 87,
1197 4041 1237 4093 88.

318 4108 329 4139 ³
344 4109 446 4185 aalma:
470 4110 526 4157 aad.
548 4108 588 4158 08.
632 4107 695 4172 Cep.
709 4108 799 4157 Sancti
810 4115 861 4172 per
870 4108 959 4173 fidem,
973 4109 1048 4158 Brcv.
1063 4110 1121 4157 Sar.
1132 4107 1157 4157 ii.
1179 4107 1236 4168 408.
1272 4108 1332 4156 Ant.
1355 4107 1485 4166 latisana,

285 4174 618 4290 ‘¹·⁴³⁹s⁶s³.lht{h⁹llu.
1093 4304 1132 4315 ..
1388 4301 1402 4312 η

281 4348 285 4355 ,
319 4304 330 4335 ⁵
345 4305 379 4354 iii.
394 4304 493 4354 medie:
511 4305 551 4367 87,
565 4304 605 4354 88.
896 4301 907 4333 ⁶
924 4303 986 4368 Cap.
1001 4304 1209 4362 Berredrctrorum,
1223 4303 1298 4352 Brea.
1313 4304 1371 4351 Sar.
1387 4318 1410 4350 a
1426 4314 1485 4363 420.

318 4369 328 4401 ⁷
344 4370 390 4421 SS.
406 4371 494 4419 Marco
505 4379 529 4419 et
542 4369 713 4419 Marcelliano.
900 4366 911 4399 ⁸
927 4368 1149 4419 commemoratio:
1166 4384 1212 4417 am.
1226 4367 1268 4430 87,
1280 4366 1320 4417 88.

319 4434 330 4466 ⁹
345 4435 441 4485 dicetur
452 4451 497 4499 pro
507 4451 604 4484 summa
615 4435 708 4485 missa:
726 4433 767 4495 87,
779 4432 819 4483 88.

320 4498 392 4552 ¹⁰41
408 4517 454 4550 aar.
469 4511 510 4562 97,
522 4513 564 4560 οι,
577 4499 609 4549 08
621 4500 707 4561 (Brea.
721 4501 779 4549 Sar.
794 4499 809 4549 i.
824 4498 920 4560 mxlix).
