3330 5218
598 435 781 497 QUINTUM
798 435 832 484 A.
867 434 923 482 xilr.
942 434 1000 483 viii.
1369 445 1402 497 93

239 593 273 663 (Ι
297 587 395 651 Feria
417 587 469 650 ,iit
492 587 536 651 de
557 598 675 652 sancto
689 587 879 651 Valentino,
926 586 1160 651 Inuitatorium
1177 586 1332 669 simplex,
1349 585 1401 649 iii.

195 673 364 738 lectiones.
411 674 604 758 Capitulum
621 676 688 738 Iste
701 684 840 738 sanctus.

237 800 272 871 (Ι
296 795 393 858 Feria
415 796 478 860 iiii.
501 794 544 858 de
567 794 668 859 seria¹
714 795 940 877 Responsoria
959 792 1046 858 illius
1063 793 1149 858 ferie
1196 793 1351 877 Epistola
1365 804 1401 858 et

195 883 407 964 euangelium
423 883 572 946 eiusdem
589 882 689 946 ferie.²

198 1089 208 1153 l
240 1003 396 1103 llFeria
425 1025 463 1068 .v.
494 1004 537 1067 de
565 1013 683 1067 sancta
721 1004 858 1080 luliana,
898 1003 1130 1067 Inuitatorium
1166 1001 1321 1085 simplex,
1349 1002 1400 1067 iii.

211 1099 366 1155 ecnones.
492 1108 496 1113 ·

241 1216 276 1287 (Ι
299 1210 397 1275 Feria
412 1210 461 1275 .vi.
477 1210 521 1274 de
536 1209 622 1275 sesto
637 1211 710 1275 loci.

241 1337 275 1407 (Ι
298 1331 459 1410 Sabbato,
474 1331 517 1396 de
539 1342 656 1395 sancta
680 1332 798 1399 Maria.
845 1330 902 1395 Ad
925 1327 1077 1394 missam⁸
1092 1330 1184 1411 kyrie
1198 1331 1402 1413 ornnr'potens,

202 1417 350 1500 Spiritus
375 1429 406 1481 et
430 1419 525 1496 alme,
550 1422 598 1483 et⁴
624 1418 815 1482 Benedictus
843 1418 959 1481 Maria
978 1418 1085 1501 filius.
1131 1416 1197 1482 Vbi
1225 1417 1310 1481 fiunt
1335 1428 1403 1482 tres

200 1507 544 1584 commemorationes,
559 1507 591 1569 in
609 1506 671 1570 iiii.
688 1505 769 1569 seria
784 1504 854 1569 fiet⁵
869 1525 956 1569 vna:
980 1514 1014 1568 et
1029 1504 1203 1568 claudatur
1217 1505 1359 1569 alleluia.

201 1631 268 1684 Fen
285 1626 338 1699 ro]
372 1631 407 1702 (Ι
430 1626 610 1690 Dominica
625 1626 659 1689 in
674 1625 770 1690 lxn‘
784 1634 858 1689 tota
872 1625 993 1689 dicitur
1007 1625 1153 1689 historia

243 1753 276 1823 (Ι
301 1745 399 1809 Feria
414 1745 453 1809 .ii.
470 1746 513 1811 de
529 1744 618 1809 seria
664 1745 892 1829 Responsoria
914 1743 1051 1808 historie
1066 1742 1285 1821 dominicalis,
1301 1744 1404 1807 missa

203 1833 305 1897 Salus
312 1833 434 1915 populi.

242 1959 276 2029 (Ι
301 1953 397 2017 Feria
411 1952 463 2016 iii.
479 1952 522 2017 de
538 1951 623 2016 sesto
638 1951 711 2015 loci.

200 2161 367 2225 lectiones.
413 2160 470 2225 Ad
487 2162 623 2224 missam
639 2161 761 2224 dicitur
779 2159 880 2226 Credo
894 2170 928 2224 et
950 2158 1096 2223 Presatio
1109 2159 1153 2224 de
1168 2158 1337 2241 apostolis.

242 2286 277 2357 (Ι
301 2280 398 2343 Feria
420 2301 459 2345 .v.
482 2280 525 2345 de
548 2278 637 2345 seria.
683 2278 910 2362 Responsoria
933 2278 1059 2342 ferialia
1082 2278 1206 2362 pariter
1220 2288 1405 2344 cantentur.

202 2368 309 2432 Missa
324 2367 387 2431 ,iiii
404 2366 491 2430 serie.

242 2494 278 2565 (Ι
301 2486 447 2552 Sanctus
466 2487 614 2552 Mathias
630 2507 698 2551 non
715 2485 817 2552 habet
832 2486 992 2571 vigiliam,
1006 2487 1071 2551 nisi
1087 2486 1247 2552 ieiunium
1263 2496 1405 2553 tantum.

243 2614 277 2684 (Ι
302 2608 400 2671 Feria
430 2607 494 2672 .vi⁷
529 2608 572 2672 de
605 2617 723 2672 sancto
755 2606 886 2670 Mathia
915 2607 1079 2691 apostolo,
1112 2607 1235 2672 festum
1269 2608 1405 2672 inferius

201 2693 340 2777 duplex.
386 2693 442 2757 Ad
459 2714 615 2777 vesperas
630 2693 816 2777 antiphona
832 2693 905 2758 Sub
920 2705 1012 2759 tuam
1027 2694 1217 2760 solenniter.

244 2820 278 2890 (Ι
302 2813 463 2889 Sabbato,
496 2815 539 2878 de
568 2826 685 2879 sancta
719 2815 835 2878 Maria.
893 2814 961 2878 Vbi
986 2814 1070 2879 fiunt
1099 2824 1167 2879 tres
1201 2835 1406 2880 commemo-

202 2902 356 2977 rationes,
374 2902 407 2964 in
423 2902 463 2966 .ii.
480 2901 561 2965 seria
576 2900 635 2966 fiat
650 2922 717 2967 vna
733 2903 1017 2966 commemoratio.

244 3028 279 3099 (Ι
303 3023 342 3087 ln
374 3043 463 3087 anno
493 3023 651 3101 bisextili,
678 3022 736 3087 fiat
753 3086 756 3093 ,
771 3023 948 3087 seruicium
980 3023 1023 3087 de
1053 3031 1170 3087 sancto
1201 3021 1333 3088 Mathia
1366 3024 1404 3086 ln

202 3109 365 3188 sabbato;
389 3120 424 3174 et
439 3111 471 3173 in
488 3111 539 3175 .vi.
556 3109 636 3174 seria
652 3108 712 3174 fiat
728 3110 1004 3174 commemoratio
1020 3112 1119 3174 beate
1135 3110 1251 3174 Marie.

244 3236 279 3307 (Ι
302 3231 348 3294 Et
364 3240 444 3295 tunc
459 3230 581 3294 abhoc
603 3231 746 3295 sabbato
767 3251 870 3314 vsque
893 3232 936 3295 ad
960 3230 1184 3314 inceptionem
1205 3230 1341 3294 historie
1363 3229 1407 3292 In

197 3317 359 3400 principio
381 3318 563 3400 accipiatur
585 3318 739 3400 quintum
766 3318 881 3400 Gpro
912 3319 1022 3383 littera
1048 3317 1264 3396 dominicali3
1292 3327 1327 3380 et
1358 3318 1406 3379 in·

203 3404 342 3468 choetur
356 3405 399 3468 ad
415 3405 619 3469 dominicam
634 3406 853 3487 sexagesima

205 3530 272 3584 Feb.
286 3526 342 3600 26.]
376 3531 411 3602 (Ι
434 3524 613 3588 Dominica
628 3525 849 3609 sexagesime,
864 3534 937 3589 tota
952 3524 1073 3589 dicitur
1087 3525 1235 3589 historia.

246 3653 279 3724 (Ι
303 3647 401 3712 Feria
422 3646 463 3710 .ii.
487 3648 530 3711 de
556 3646 644 3711 seria
705 3646 931 3729 Responsoria
960 3646 1097 3711 historie
1126 3645 1336 3710 dominicalis
1358 3645 1410 3708 di·

204 3745 332 3812 cuntur,
347 3755 424 3798 cum
441 3735 542 3798 missa
558 3733 661 3798 Salus
675 3733 796 3815 populi

246 3860 281 3931 (Ι
304 3855 402 3918 Feria
417 3854 469 3918 iii.
485 3854 529 3919 de
544 3853 630 3918 sesto
646 3854 719 3919 loci.

248 4100 281 4170 ΙΙ
306 4094 404 4157 Feria
419 4115 457 4159 .v.
473 4094 516 4159 de
532 4105 649 4159 sancto
667 4068 793 4171 Cedda,
809 4092 854 4156 ix.
870 4093 1052 4157 lectiones.⁸
1094 4094 1096 4098 ’
1114 4094 1118 4097 ’

239 4279 247 4311 ¹
264 4280 348 4331 seriis:
365 4292 405 4342 97.
869 4277 881 4309 ²
897 4279 973 4330 ferie:
990 4295 1037 4328 om.
1051 4292 1092 4330 οι.

238 4345 632 4471 itlhltffliffl·
868 4343 1065 4471 thani.

239 4475 311 4526 'liz
329 4473 370 4538 87,
382 4474 422 4525 88.
870 4473 929 4525 ⁸de
940 4474 1085 4526 communi:
1101 4476 1158 4526 adri
1172 4487 1213 4538 97,
1225 4488 1266 4525 01.
