3330 5218
482 495 674 557 QUARTUM
690 497 725 545 A.
759 494 824 544 xvii.
842 495 914 544 xiiii.
933 495 971 545 xi.
990 495 1026 544 ui.
1045 494 1086 544 iii.
1361 491 1393 555 85

232 653 266 724 (Ι
289 649 318 710 F
319 647 387 711 erla
402 648 452 710 iii.
468 648 511 712 de
526 657 642 712 sancta
659 647 776 711 Maria.

231 768 387 845 11Feria
412 768 475 831 ‚iiii
502 768 546 832 de
572 767 660 845 seria,
677 788 753 832 cum
778 766 990 850 expositione
1017 766 1191 850 euangelii.
1239 768 1392 850 Respon-

189 857 311 919 sotium
337 854 518 935 Hymnum,
542 855 803 938 Responsorium
830 854 923 918 Deus
944 855 1112 930 canticum,
1130 855 1392 938 Responsorium

188 942 313 1006 Dicant
343 963 435 1005 nunc.
493 942 561 1006 Vbi
599 941 683 1006 fiunt
712 951 778 1005 tres
810 943 1151 1017 commemorationes,
1182 942 1214 1004 in
1244 943 1284 1004 ii.
1315 941 1395 1004 seria

189 1029 346 1093 dicuntur
368 1029 593 1112 Responsoria
615 1030 658 1093 de
679 1029 743 1093 ,iiii
767 1028 854 1103 feria,
877 1029 1003 1093 scilicet
1025 1029 1140 1092 Deduc
1163 1048 1239 1092 cum
1262 1027 1393 1091 duobus

189 1117 415 1199 sequentibus,
438 1127 473 1181 et
495 1116 528 1179 in
551 1116 614 1179 iiii.
638 1116 718 1179 feria
747 1116 902 1180 dicuntur
933 1113 1206 1198 Responsorium¹
1229 1114 1393 1192 Narrabo,

191 1203 452 1286 Responsorium
467 1202 510 1266 In
525 1203 700 1279 totocorde,
718 1204 979 1286 Responsorium
995 1203 1122 1266 Dicant
1133 1223 1226 1266 nunc.

229 1330 265 1401 ΙΙ
288 1324 385 1388 Feria
409 1346 447 1387 .v.
474 1324 545 1387 dies
571 1324 793 1401 AscensioniS,
809 1324 932 1388 festum
960 1324 1162 1407 principale3
1185 1334 1219 1387 et
1246 1323 1326 1387 nihil
1350 1322 1393 1386 de

188 1420 305 1475 sancto
317 1410 466 1475 Vrbano.
512 1410 569 1474 Ad
585 1411 748 1475 secundas
763 1431 918 1493 vesperas
933 1410 993 1475 liat
1007 1411 1165 1474 solennis²
1175 1412 1335 1474 memoria
1349 1409 1392 1473 de

187 1508 306 1562 sancto
323 1498 522 1582 Augustino.

230 1618 385 1695 [Feria
413 1618 477 1681 .νῐ.8
506 1618 550 1682 de
579 1627 697 1682 sancto
719 1617 921 1701 Augustino,
949 1618 1070 1682 festum
1097 1616 1231 1680 inferius
1255 1615 1391 1699 duplex,

188 1705 349 1768 memoria
364 1707 407 1768 de
422 1705 558 1769 octauis
604 1704 661 1769 Ad
677 1725 839 1789 vesperas,
857 1705 1017 1769 memoria
1038 1705 1196 1769 solennis*
1211 1705 1254 1767 de
1275 1714 1392 1768 sancto

188 1791 358 1867 Aldclmo,
375 1801 408 1855 et
423 1794 467 1856 de
482 1793 618 1856 octauis.

230 1917 264 1988 (I
287 1911 446 1987 Sabbato,
470 1913 513 1977 de
536 1922 652 1977 sancto
675 1912 836 1977 Aldelmo
850 1921 959 1977 totum
975 1913 1161 1990 seruicium,
1177 1923 1211 1976 et
1232 1909 1392 1975 memoria

188 1999 231 2064 de
253 2000 390 2063 oetauis.
434 1999 492 2062 Ad
509 2001 685 2063 secundas⁵
700 2019 856 2082 vesperas
871 2001 977 2063 sancti
1001 1999 1150 2065 Aldelmi
1174 1999 1335 2063 memoria
1349 1999 1392 2062 de

187 2097 305 2151 sancto
321 2086 498 2162 Germano,
515 2096 549 2151 et
564 2087 607 2150 de
621 2087 789 2151 dominica
802 2109 810 2165 ;
832 2088 892 2151 sed
908 2087 1000 2150 nulla
1015 2087 1190 2170 processio

189 2253 327 2326 Mam]
364 2210 399 2281 (ἶ
421 2207 601 2307 Βρῳίηἰεα
640 2205 725 2306 inira
761 2213 899 2269 octauas
936 2205 1162 2305 Ascensionis
1204 2215 1312 2270 totum
1350 2204 1393 2270 de

364 2292 539 2356 domrnrca
584 2294 738 2357 Tercrum
764 2293 1025 2374 Responsorrum
1047 2313 1069 2355 a
1086 2292 1217 2356 duobus
1232 2300 1392 2357 cantetur.

191 2377 230 2441 ln
246 2376 400 2443 laudibus
415 2400 481 2444 vna
496 2379 688 2462 antiphona,
705 2381 866 2443 memoria
881 2381 924 2442 de
939 2382 1069 2443 sancto⁶
1083 2388 1118 2444 et
1132 2379 1175 2443 de
1189 2380 1327 2444 octauis.

188 2499 386 2647 s§iFeria
411 2499 451 2563 ii.
478 2499 522 2564 de
544 2499 681 2564 octauis.
736 2498 932 2583 Antiphone
955 2502 1002 2563 οῖ’
1027 2498 1254 2581 Responsoria
1279 2501 1322 2563 de
1344 2500 1393 2564 .v‘e
1441 2524 1445 2530 ¹

201 2605 275 2648 ena

190 2690 194 2695 ¹
229 2711 265 2782 ΙΙ
288 2706 385 2770 Feria
399 2707 463 2770 iiii.
478 2707 662 2790 antiphone
677 2717 711 2771 et
727 2706 952 2790 Responsoria
966 2707 1009 2770 de
1024 2706 1174 2773 sabbato.

229 2830 264 2901 (ἶ
288 2827 382 2889 Feria
398 2827 460 2890 iiii.
475 2827 518 2891 de
533 2828 670 2904 octauis,
687 2827 870 2909 antiphone
886 2837 920 2892 et
937 2827 1162 2909 Responsoria
1177 2827 1219 2890 de
1234 2827 1282 2891 .vi.
1302 2827 1391 2904 feria,

188 2920 222 2975 et
237 2914 397 2977 memoria
412 2914 454 2978 de
469 2924 585 2978 sancta
602 2914 789 2979 Petronilla

230 3038 263 3108 (Ι
288 3033 384 3096 Feria
399 3056 436 3097 .v.
452 3035 494 3098 de
509 3044 630 3099 octaua
645 3035 869 3111 Ascensionis,
886 3035 1045 3098 memoria
1060 3036 1103 3099 de
1125 3043 1243 3098 sancto
1267 3033 1392 3098 Nicho·

189 3122 291 3194 mede,
321 3120 552 3185 Inuitatorium
577 3123 708 3205 triplex.
754 3122 812 3187 Ad
838 3142 1002 3205 vesperas,
1029 3122 1188 3186 memoria
1210 3123 1253 3185 de
1275 3131 1391 3185 sancta

187 3205 505 3358 llffissnliphm
517 3208 587 3273 Sub
602 3220 704 3287 tuam,
715 3218 748 3274 et
765 3210 925 3273 memoria
940 3210 983 3273 de
998 3209 1199 3292 martyribus
1217 3207 1390 3273 Marcello⁸

229 3418 264 3489 (ἶ
287 3414 386 3478 Feria
414 3414 464 3478 .vi.
495 3416 539 3478 de
570 3425 687 3480 sancta
722 3417 839 3495 Maria,
870 3419 929 3481 et¹⁰
960 3417 1120 3481 memoria
1149 3416 1192 3480 de
1224 3416 1348 3480 sanctis
1359 3417 1389 3494 ;11

187 3501 358 3564 ¹²secunde
380 3521 518 3584 vespere
540 3514 637 3567 erunt
659 3502 702 3567 de
724 3504 811 3567 feria
861 3503 1054 3588 Capitulum
1070 3503 1188 3567 Estote.
1235 3502 1390 3586 Comple-

188 3589 309 3651 torium
325 3589 437 3652 sicut¹⁸
453 3589 486 3652 in
503 3592 650 3653 octaua¹⁸
665 3590 892 3655 Ascensionis.

230 3713 264 3784 (I
287 3707 447 3785 Sabbato,
463 3711 507 3773 de
521 3709 635 3791 vigilia
651 3710 897 3775 Penthecostes.
937 3710 1161 3793 Responsoria
1176 3710 1253 3773 Non
1264 3719 1391 3772 contur-

187 3794 286 3873 betur,
308 3795 381 3878 Ego
403 3795 528 3877 rogabo,
553 3797 598 3861 Si
616 3798 712 3861 enim.
767 3799 844 3862 Non
869 3798 990 3862 dicitur
1017 3796 1048 3862 T
1044 3819 1061 3862 a
1081 3798 1198 3861 Deum.
1244 3795 1301 3860 Ad
1324 3798 1388 3879 pri-

188 3902 287 3959 mam,
305 3881 500 3965 Capitulum
516 3883 660 3947 Damine
672 3885 854 3949 miserere.¹¹

220 4134 540 4199 ¹scilicettadd81,88.
873 4136 1028 4188 ²s0u288.

217 4202 229 4231 ⁸
245 4202 269 4251 ii.
283 4219 290 4252 t
308 4201 347 4250 88.
871 4201 881 4232 ⁴
897 4203 1024 4253 solennis:
1040 4219 1087 4252 aar.
1102 4201 1143 4264 87,
1156 4199 1195 4251 88.

218 4264 230 4295 ⁸
245 4266 384 4317 secundm:
400 4283 447 4315 am.
462 4265 502 4329 87,
514 4265 554 4317 88.
871 4266 883 4298 ⁶
900 4268 926 4318 S.
940 4267 1074 4317 Germano.

217 4330 228 4363 ⁷
244 4341 287 4381 etz
303 4347 350 4382 om.
368 4344 409 4383 01.
873 4332 884 4363 ⁸
901 4332 1058 4392 ‘Marcella'
1069 4334 1110 4383 ia.
1125 4329 1281 4381 Marcellino.

218 4394 229 4426 ¹
247 4396 364 4456 ‘cetero,'
376 4398 417 4446 ia.
432 4397 514 4447 Petro.
866 4395 887 4427 ¹⁰
903 4407 946 4448 ete
962 4414 1009 4447 aar.
1023 4408 1062 4460 97.

218 4459 237 4491 ¹¹
255 4461 300 4511 SS.
317 4460 464 4512 Marcellino
475 4472 500 4512 et
512 4463 594 4513 Petro.
868 4461 942 4500 ¹²-¹²¹
956 4479 1003 4512 aar.
1017 4480 1025 4514 z
1042 4462 1083 4524 87,
1096 4459 1129 4511 88

217 4524 290 4562 ¹³-¹³
305 4526 369 4577 sicut
380 4526 444 4577 infra
454 4538 572 4579 octenas:
589 4540 631 4588 97,
644 4540 685 4578 οι.
