3372 5224
278 437 312 488 94
616 423 714 472 DIRE
717 423 739 472 C
741 424 767 472 Τ
766 424 832 473 ORI
833 424 893 475 HM
911 424 954 472 SA
960 423 1084 473 CERDO
1090 424 1115 472 Τ
1115 424 1177 473 UM.

284 634 289 645 .
322 583 357 654 (I
381 576 478 639 Feria
499 576 549 724 .ἴί
573 575 616 638 de
642 575 737 639 seriis.
798 576 1025 659 Responsoria
1055 577 1097 639 de
1130 578 1278 640 secundo
1309 580 1481 640 nocturno.

283 665 387 727 Missa
403 663 489 726 illius
518 663 592 726 erie.

322 799 356 869 ([
380 791 538 865 Sabbata,
564 793 613 854 'de
638 801 754 855 sancta
787 792 903 855 Maria
958 791 1025 855 Vbi
1065 791 1148 856 fiunt
1182 801 1248 856 tres
1278 811 1481 857 commemo-

280 881 425 942 rationes
450 878 544 941 inii.
569 877 741 941 seriafiet¹
775 899 840 942 vna
872 881 1170 956 commemoratio;
1194 889 1228 942 et
1262 891 1342 943 tunc
1375 880 1407 941 in
1431 881 1479 941 .vi.

280 968 360 1030 seria
376 966 530 1028 dieantur
546 966 771 1049 Responsoria
786 967 828 1029 de
844 967 952 1048 primo
968 975 1138 1030 nocturno.
1222 1046 1227 1055 .

280 1101 381 1156 March
396 1096 432 1169 5.]
467 1100 501 1170 ([
524 1094 703 1158 Dominica
719 1094 751 1156 in
769 1095 1055 1178 quinquagesima,
1071 1104 1144 1159 tota
1159 1095 1289 1159 dicatur
1304 1094 1450 1158 historia.

323 1232 357 1302 ([
381 1226 478 1289 Feria
492 1224 533 1288 .ii.
549 1223 590 1286 de
606 1222 692 1287 festo
708 1222 779 1287 loci.
1235 1204 1238 1209 ¹

322 1362 358 1433 (l
381 1356 477 1419 Feria
492 1354 544 1417 iii.
560 1356 602 1417 de
618 1363 735 1418 sancta
753 1354 870 1432 Maria,
885 1364 920 1418 et
936 1354 1096 1418 memoria
1111 1355 1154 1418 de
1169 1354 1374 1438 virginibus.²

322 1492 356 1562 ([
380 1483 477 1547 Feria
491 1482 555 1546 iiii.
572 1483 604 1544 in
621 1483 730 1565 capite
747 1482 868 1556 ieiunii,
885 1491 994 1549 tottun
1011 1483 1053 1546 de
1075 1482 1163 1547 seria

322 1619 356 1689 ἦ
382 1612 437 1675 Ab
460 1612 522 1674 hac
545 1611 599 1673 die
621 1630 726 1693 vsque
748 1610 792 1673 ad
815 1620 971 1675 octauam
1003 1611 1107 1675 Pasce
1138 1632 1204 1675 non
1236 1611 1293 1676 fiet
1324 1612 1481 1675 memoria

278 1700 562 1852 &al-{slisartireium
586 1697 779 1775 lectionum,
802 1698 864 1761 nisi
898 1699 941 1761 ad
973 1718 1128 1795 vesperas
1160 1709 1194 1763 et
1228 1699 1270 1762 ad
1302 1700 1483 1763 matutinas

323 1922 357 1992 ([
381 1915 477 1979 Feria
491 1936 529 1978 .v.
546 1913 589 1977 de
605 1913 702 1978 seriis.
747 1914 973 1996 Responsoria
986 1913 1032 1977 de
1048 1912 1156 1996 primo
1171 1924 1343 1978 nocturno.

320 2051 358 2121 (Ι
382 2044 479 2107 Feria
493 2042 542 2107 .v‘u
558 2042 601 2106 de
617 2041 713 2105 seriis.
759 2042 985 2124 Responsoria
1006 2043 1048 2106 de
1064 2042 1211 2105 secundo
1227 2051 1398 2107 nocturno

324 2180 358 2250 (l
382 2172 540 2243 Sabbato,
564 2171 607 2233 de
639 2170 735 2234 seriis.
797 2171 842 2233 Et
865 2171 986 2234 dicitur
1012 2170 1194 2252 septimum
1223 2171 1483 2253 Responsorium

279 2261 417 2324 historie
432 2258 642 2322 dominicalis
658 2275 733 2320 cum
751 2257 882 2321 duobus
898 2256 1073 2321 ferialibus.

324 2396 358 2466 01
382 2388 428 2451 Et
443 2397 525 2450 nota
540 2387 630 2469 quod
650 2387 683 2449 in
699 2387 764 2449 ‚iiit
781 2386 869 2459 seria,
886 2396 920 2450 et
944 2385 976 2448 in
1001 2384 1106 2448 tribus
1129 2385 1247 2449 diebus
1270 2386 1484 2469 sequentibus

279 2477 325 2542 ad
349 2471 514 2557 primam,⁸
527 2486 562 2536 et
585 2474 628 2539 ad
652 2473 734 2536 alias
750 2474 857 2548 horas,
874 2473 988 2536 omnia
1006 2472 1088 2535 fiant
1104 2473 1189 2537 sicut
1205 2473 1238 2535 in
1254 2474 1295 2536 .ii.
1312 2475 1390 2537 teria
1408 2483 1484 2556 post

280 2563 424 2631 Domine
437 2582 478 2625 ne
492 2561 527 2623 ia
544 2561 605 2636 ira,
622 2580 697 2623 cum
719 2561 869 2623 oratione
885 2559 927 2623 de
943 2560 1005 2623 die.

283 2742 313 2795 M
365 2742 384 2794 h
472 2694 515 2764 ΙΙ
540 2688 719 2751 Dominica
742 2689 849 2769 prima
876 2688 1141 2770 quadragesime,
1157 2697 1229 2751 tota
1253 2688 1395 2752 dicatur⁴
1418 2689 1483 2751 his·

316 2757 364 2795 ³¹⁰
400 2736 453 2809 η’]
482 2777 574 2839 toria
621 2776 759 2838 Festum
776 2776 881 2838 sancti
899 2774 1050 2858 Gregorii
1066 2775 1279 2839 differaturin
1292 2776 1482 2839 crastinum.

283 2863 328 2925 Et
345 2862 387 2925 ad
404 2862 528 2943 primas
544 2881 698 2944 vesperas
720 2862 828 2925 sancti
852 2861 1005 2943 Gregorii
1022 2862 1080 2926 fiat
1095 2862 1241 2925 solennis
1264 2864 1425 2925 memoria
1440 2865 1483 2925 de

276 2949 457 3014 dominica

323 3084 357 3154 ([
381 3078 478 3141 Feria
492 3078 532 3140 ,ii
548 3077 591 3140 de
605 3085 722 3140 sancto
739 3076 910 3159 Gregorio
926 3076 1048 3141 festum
1065 3077 1188 3140 minus⁵
1204 3077 1342 3161 duplex.
1383 3078 1482 3163 Capi·-

277 3165 388 3228 tulum
415 3164 494 3227 Ecce
515 3164 669 3241 sacerdos,
692 3165 853 3233 memoria
877 3165 919 3227 de
943 3164 1066 3228 ieiunio
1094 3164 1151 3227 Ad
1179 3166 1360 3228 matutinas
1383 3176 1417 3229 et
1439 3168 1481 3229 ad

279 3271 444 3334 vesperas,
460 3252 518 3315 sed
535 3271 601 3313 non
618 3251 661 3314 ad
678 3251 822 3313 missam

324 3388 358 3458 ([
382 3382 479 3444 Feria
493 3381 546 3444 ‚iii
569 3381 623 3444 iiii.
647 3401 685 3443 .v.
708 3389 742 3443 et
764 3379 813 3443 ,vi
836 3381 879 3444 de
902 3381 1032 3455 ieiunio,
1056 3400 1132 3444 curn
1155 3380 1317 3444 versiculo
1342 3391 1376 3446 et
1403 3384 1484 3445 Res·

279 3469 445 3553 ponsoriis
466 3468 602 3531 historie
625 3466 843 3544 dominicalis,
857 3466 1039 3531 secundum
1063 3468 1213 3531 ordinem
1238 3485 1482 3532 nocturnorum.

281 3557 410 3619 Tamen
428 3556 460 3618 in
476 3577 514 3619 .v.
531 3554 611 3618 seria
627 3554 747 3617 dicitur
763 3555 1023 3637 Responsorium
1040 3553 1160 3617 feriale.

325 3690 359 3760 ([
383 3683 533 3748 Sabbato
556 3684 599 3747 de
629 3692 746 3746 sancto
778 3683 952 3757 Edwardo‚
980 3683 1025 3746 ix.
1046 3682 1217 3746 lectiones.
1271 3682 1328 3746 Ad
1360 3684 1484 3766 primas

279 3791 436 3854 vesperas
456 3769 641 3852 antiphona
663 3770 729 3832 Iste
749 3780 896 3833 sanctus.'
933 3770 1125 3853 Capitulum
1148 3769 1271 3832 Beatus
1292 3771 1348 3833 vir
1367 3771 1428 3852 qui
1448 3771 1483 3832 in

280 3858 448 3939 sapiencia.
496 3857 756 3939 Responsorium
781 3857 904 3919 Beatus
928 3857 985 3920 vir
1008 3857 1068 3938 qai
1090 3855 1223 3938 suffert:
1246 3858 1393 3921 solennis
1416 3877 1483 3919 me·

282 3946 388 4008 moria
422 3947 464 4008 de
498 3944 627 4007 ieiunio.
683 3943 1006 4028 Secundevespere
1037 3954 1133 4007 erunt
1164 3944 1207 4007 de
1228 3945 1416 4020 dominica,
1449 3956 1483 4006 et

278 4031 443 4099 memoria
457 4031 500 4094 de
515 4030 608 4095 sesto.

314 4320 325 4418 ἒ
342 4322 401 4397 liat:
418 4320 459 4383 87,
472 4321 512 4371 88.
661 4294 664 4299 4
758 4346 761 4352 ·
979 4320 990 4418 i
1007 4323 1130 4398 Perpetua
1141 4331 1166 4373 et
1181 4322 1318 4375 Felicitate.

315 4450 325 4481 ⁶
342 4386 600 4515 lnlglusssogl'mlfius:
618 4451 658 4514 87,
672 4451 711 4513 83,
722 4464 764 4514 97,
776 4465 815 4504 01.
1006 4387 1113 4438 dmm·
1131 4399 1171 4451 9⁷¹
