<?xml version="1.0" encoding="UTF-8"?>
<!DOCTYPE html PUBLIC "-//W3C//DTD XHTML 1.0 Transitional//EN"
    "http://www.w3.org/TR/xhtml1/DTD/xhtml1-transitional.dtd">
<html xmlns="http://www.w3.org/1999/xhtml" xml:lang="en" lang="en">
 <head>
  <title>
</title>
<meta http-equiv="Content-Type" content="text/html;charset=utf-8" />
  <meta name='ocr-system' content='tesseract 3.04.00' />
  <meta name='ocr-capabilities' content='ocr_page ocr_carea ocr_par ocr_line ocrx_word'/>
</head>
<body>
  <div class='ocr_page' id='page_1' title='image "./ordinalesarvmsi00cathgoog/ordinalesarvmsi00cathgoog_0281.png"; bbox 0 0 3372 5224; ppageno 0'>
   <div class='ocr_carea' id='block_1_1' title="bbox 313 454 1198 518">
    <p class='ocr_par' dir='ltr' id='par_1_1' title="bbox 313 454 1198 518">
     <span class='ocr_line' id='line_1_1' title="bbox 313 454 1198 518; baseline 0 -12"><span class='ocrx_word' id='word_1_1' title='bbox 313 467 360 518; x_wconf 83' lang='lat'>172</span> <span class='ocrx_word' id='word_1_2' title='bbox 628 456 904 507; x_wconf 86' lang='lat' dir='ltr'><em>DIRECTORIUM</em></span> <span class='ocrx_word' id='word_1_3' title='bbox 932 454 1198 508; x_wconf 74' lang='lat' dir='ltr'><em>SACERDOTUM</em></span> 
     </span>
    </p>
   </div>
   <div class='ocr_carea' id='block_1_2' title="bbox 312 607 1518 848">
    <p class='ocr_par' dir='ltr' id='par_1_2' title="bbox 312 607 1518 848">
     <span class='ocr_line' id='line_1_2' title="bbox 354 607 1518 688; baseline -0.007 -14"><span class='ocrx_word' id='word_1_4' title='bbox 354 617 387 686; x_wconf 91' lang='grc' dir='ltr'>(Ι</span> <span class='ocrx_word' id='word_1_5' title='bbox 412 609 572 688; x_wconf 88' lang='lat' dir='ltr'>Sabbat0,</span> <span class='ocrx_word' id='word_1_6' title='bbox 584 610 626 672; x_wconf 91' lang='lat' dir='ltr'>de</span> <span class='ocrx_word' id='word_1_7' title='bbox 641 619 758 672; x_wconf 91' lang='lat' dir='ltr'>sancta</span> <span class='ocrx_word' id='word_1_8' title='bbox 772 607 887 673; x_wconf 76' lang='lat' dir='ltr'>Maria</span> <span class='ocrx_word' id='word_1_9' title='bbox 925 609 992 672; x_wconf 91' lang='lat' dir='ltr'>Vbi</span> <span class='ocrx_word' id='word_1_10' title='bbox 1003 607 1088 672; x_wconf 85' lang='lat' dir='ltr'>fiunt</span> <span class='ocrx_word' id='word_1_11' title='bbox 1097 618 1164 672; x_wconf 91' lang='lat' dir='ltr'>tres</span> <span class='ocrx_word' id='word_1_12' title='bbox 1174 607 1518 681; x_wconf 84' lang='lat' dir='ltr'>commemorationes,</span> 
     </span>
     <span class='ocr_line' id='line_1_3' title="bbox 312 693 1517 770; baseline -0.004 -11"><span class='ocrx_word' id='word_1_13' title='bbox 312 698 345 760; x_wconf 92' lang='lat' dir='ltr'>in</span> <span class='ocrx_word' id='word_1_14' title='bbox 363 698 425 760; x_wconf 84' lang='lat' dir='ltr'>iiii.</span> <span class='ocrx_word' id='word_1_15' title='bbox 443 696 525 760; x_wconf 87' lang='lat' dir='ltr'>seria</span> <span class='ocrx_word' id='word_1_16' title='bbox 541 697 600 760; x_wconf 85' lang='lat' dir='ltr'>fiat</span> <span class='ocrx_word' id='word_1_17' title='bbox 614 716 681 759; x_wconf 88' lang='lat' dir='ltr'>vna</span> <span class='ocrx_word' id='word_1_18' title='bbox 696 693 995 770; x_wconf 72' lang='lat' dir='ltr'>commemoratio1</span> <span class='ocrx_word' id='word_1_19' title='bbox 1005 705 1039 759; x_wconf 88' lang='lat' dir='ltr'>et</span> <span class='ocrx_word' id='word_1_20' title='bbox 1055 695 1135 759; x_wconf 90' lang='lat' dir='ltr'>nihil</span> <span class='ocrx_word' id='word_1_21' title='bbox 1151 698 1194 760; x_wconf 92' lang='lat' dir='ltr'>de</span> <span class='ocrx_word' id='word_1_22' title='bbox 1209 696 1260 757; x_wconf 92' lang='lat' dir='ltr'>.iii.</span> <span class='ocrx_word' id='word_1_23' title='bbox 1277 713 1517 757; x_wconf 88' lang='lat' dir='ltr'>commemora·</span> 
     </span>
     <span class='ocr_line' id='line_1_4' title="bbox 312 785 424 848; baseline 0 -1"><span class='ocrx_word' id='word_1_24' title='bbox 312 785 424 848; x_wconf 89' lang='lat' dir='ltr'>tione.¹</span> 
     </span>
    </p>
   </div>
   <div class='ocr_carea' id='block_1_3' title="bbox 490 890 1517 1065">
    <p class='ocr_par' dir='ltr' id='par_1_3' title="bbox 490 890 1517 1065">
     <span class='ocr_line' id='line_1_5' title="bbox 532 890 1517 982; baseline -0.005 -24"><span class='ocrx_word' id='word_1_25' title='bbox 532 912 566 982; x_wconf 64' lang='grc' dir='ltr'>(Ι</span> <span class='ocrx_word' id='word_1_26' title='bbox 590 894 770 958; x_wconf 90' lang='lat' dir='ltr'>Dominica</span> <span class='ocrx_word' id='word_1_27' title='bbox 790 894 854 957; x_wconf 83' lang='lat' dir='ltr'>iiii.</span> <span class='ocrx_word' id='word_1_28' title='bbox 876 895 919 958; x_wconf 90' lang='lat' dir='ltr'>de</span> <span class='ocrx_word' id='word_1_29' title='bbox 940 894 1079 959; x_wconf 88' lang='lat' dir='ltr'>seruicio</span> <span class='ocrx_word' id='word_1_30' title='bbox 1101 893 1302 957; x_wconf 89' lang='lat' dir='ltr'>dominicali.</span> <span class='ocrx_word' id='word_1_31' title='bbox 1349 892 1389 955; x_wconf 92' lang='lat' dir='ltr'>In</span> <span class='ocrx_word' id='word_1_32' title='bbox 1414 890 1517 954; x_wconf 92' lang='lat' dir='ltr'>laudi·</span> 
     </span>
     <span class='ocr_line' id='line_1_6' title="bbox 490 982 844 1065; baseline -0.003 -20"><span class='ocrx_word' id='word_1_33' title='bbox 490 982 553 1045; x_wconf 92' lang='lat' dir='ltr'>bus</span> <span class='ocrx_word' id='word_1_34' title='bbox 568 1001 635 1045; x_wconf 92' lang='lat' dir='ltr'>vna</span> <span class='ocrx_word' id='word_1_35' title='bbox 650 982 844 1065; x_wconf 84' lang='lat' dir='ltr'>antiphona.</span> 
     </span>
    </p>
   </div>
   <div class='ocr_carea' id='block_1_4' title="bbox 312 1089 1517 1244">
    <p class='ocr_par' dir='ltr' id='par_1_4' title="bbox 312 1089 1517 1244">
     <span class='ocr_line' id='line_1_7' title="bbox 355 1089 1517 1179; baseline -0.004 -23"><span class='ocrx_word' id='word_1_36' title='bbox 355 1099 390 1169; x_wconf 98' lang='grc' dir='ltr'>(Ι</span> <span class='ocrx_word' id='word_1_37' title='bbox 413 1094 509 1157; x_wconf 87' lang='lat' dir='ltr'>Feria</span> <span class='ocrx_word' id='word_1_38' title='bbox 525 1094 565 1156; x_wconf 81' lang='lat' dir='ltr'>ii.</span> <span class='ocrx_word' id='word_1_39' title='bbox 582 1092 652 1179; x_wconf 86' lang='lat' dir='ltr'>[de]</span> <span class='ocrx_word' id='word_1_40' title='bbox 676 1093 764 1157; x_wconf 83' lang='lat' dir='ltr'>feria.</span> <span class='ocrx_word' id='word_1_41' title='bbox 810 1094 1035 1176; x_wconf 86' lang='lat' dir='ltr'>Responsoria</span> <span class='ocrx_word' id='word_1_42' title='bbox 1057 1093 1233 1156; x_wconf 76' lang='lat' dir='ltr'>Narrabo,</span> <span class='ocrx_word' id='word_1_43' title='bbox 1251 1092 1351 1154; x_wconf 86' lang='lat' dir='ltr'>missa</span> <span class='ocrx_word' id='word_1_44' title='bbox 1374 1089 1517 1153; x_wconf 90' lang='lat' dir='ltr'>domini-</span> 
     </span>
     <span class='ocr_line' id='line_1_8' title="bbox 312 1181 402 1244; baseline 0.011 -2"><span class='ocrx_word' id='word_1_45' title='bbox 312 1181 402 1244; x_wconf 90' lang='lat' dir='ltr'>calis.</span> 
     </span>
    </p>
   </div>
   <div class='ocr_carea' id='block_1_5' title="bbox 354 1291 822 1368">
    <p class='ocr_par' dir='ltr' id='par_1_5' title="bbox 354 1291 822 1368">
     <span class='ocr_line' id='line_1_9' title="bbox 354 1291 822 1368; baseline 0.004 -14"><span class='ocrx_word' id='word_1_46' title='bbox 354 1298 389 1368; x_wconf 98' lang='grc' dir='ltr'>(Ι</span> <span class='ocrx_word' id='word_1_47' title='bbox 412 1292 509 1355; x_wconf 88' lang='lat' dir='ltr'>Feria</span> <span class='ocrx_word' id='word_1_48' title='bbox 523 1292 574 1356; x_wconf 86' lang='lat' dir='ltr'>iii.</span> <span class='ocrx_word' id='word_1_49' title='bbox 591 1293 633 1355; x_wconf 92' lang='lat' dir='ltr'>de</span> <span class='ocrx_word' id='word_1_50' title='bbox 649 1292 734 1356; x_wconf 88' lang='lat' dir='ltr'>sesto</span> <span class='ocrx_word' id='word_1_51' title='bbox 750 1291 822 1356; x_wconf 86' lang='lat' dir='ltr'>loci.</span> 
     </span>
    </p>
   </div>
   <div class='ocr_carea' id='block_1_6' title="bbox 312 945 450 1017">
    <p class='ocr_par' dir='ltr' id='par_1_6' title="bbox 312 945 450 1017">
     <span class='ocr_line' id='line_1_10' title="bbox 312 945 450 1017; baseline 0 -17"><span class='ocrx_word' id='word_1_52' title='bbox 312 947 383 1016; x_wconf 89' lang='lat' dir='ltr'>May</span> <span class='ocrx_word' id='word_1_53' title='bbox 395 945 450 1017; x_wconf 67' lang='grc' dir='ltr'>η]</span> 
     </span>
    </p>
   </div>
   <div class='ocr_carea' id='block_1_7' title="bbox 311 1489 1517 1661">
    <p class='ocr_par' dir='ltr' id='par_1_7' title="bbox 311 1489 1517 1661">
     <span class='ocr_line' id='line_1_11' title="bbox 313 1489 1517 1575; baseline -0.004 -20"><span class='ocrx_word' id='word_1_54' title='bbox 313 1491 452 1555; x_wconf 90' lang='lat' dir='ltr'>Vrbano</span> <span class='ocrx_word' id='word_1_55' title='bbox 476 1501 629 1573; x_wconf 87' lang='lat' dir='ltr'>martyre.</span> <span class='ocrx_word' id='word_1_56' title='bbox 675 1491 732 1554; x_wconf 87' lang='lat' dir='ltr'>Ad</span> <span class='ocrx_word' id='word_1_57' title='bbox 759 1512 914 1575; x_wconf 86' lang='lat' dir='ltr'>vesperas</span> <span class='ocrx_word' id='word_1_58' title='bbox 938 1492 1044 1554; x_wconf 89' lang='lat' dir='ltr'>sancti</span> <span class='ocrx_word' id='word_1_59' title='bbox 1073 1491 1263 1572; x_wconf 81' lang='lat' dir='ltr'>Augustini,</span> <span class='ocrx_word' id='word_1_60' title='bbox 1288 1489 1447 1551; x_wconf 89' lang='lat' dir='ltr'>memoria</span> <span class='ocrx_word' id='word_1_61' title='bbox 1473 1489 1517 1550; x_wconf 89' lang='lat' dir='ltr'>de</span> 
     </span>
     <span class='ocr_line' id='line_1_12' title="bbox 311 1577 1211 1661; baseline 0 -21"><span class='ocrx_word' id='word_1_62' title='bbox 311 1589 430 1641; x_wconf 89' lang='lat' dir='ltr'>sancto</span> <span class='ocrx_word' id='word_1_63' title='bbox 446 1577 616 1654; x_wconf 90' lang='lat' dir='ltr'>Aldelm0,</span> <span class='ocrx_word' id='word_1_64' title='bbox 632 1578 832 1661; x_wconf 88' lang='lat' dir='ltr'>Antiphona</span> <span class='ocrx_word' id='word_1_65' title='bbox 847 1578 925 1640; x_wconf 78' lang='lat' dir='ltr'>Lux</span> <span class='ocrx_word' id='word_1_66' title='bbox 928 1589 1084 1660; x_wconf 79' lang='lat' dir='ltr'>perpetua</span> <span class='ocrx_word' id='word_1_67' title='bbox 1100 1579 1211 1640; x_wconf 92' lang='lat' dir='ltr'>maior.</span> 
     </span>
    </p>
   </div>
   <div class='ocr_carea' id='block_1_8' title="bbox 355 1689 1281 1774">
    <p class='ocr_par' dir='ltr' id='par_1_8' title="bbox 355 1689 1281 1774">
     <span class='ocr_line' id='line_1_13' title="bbox 355 1689 1281 1774; baseline -0.004 -20"><span class='ocrx_word' id='word_1_68' title='bbox 355 1696 388 1765; x_wconf 90' lang='grc' dir='ltr'>(Ι</span> <span class='ocrx_word' id='word_1_69' title='bbox 413 1692 508 1754; x_wconf 89' lang='lat' dir='ltr'>Feria</span> <span class='ocrx_word' id='word_1_70' title='bbox 524 1713 561 1754; x_wconf 87' lang='lat' dir='ltr'>.v.</span> <span class='ocrx_word' id='word_1_71' title='bbox 578 1693 621 1755; x_wconf 92' lang='lat' dir='ltr'>de</span> <span class='ocrx_word' id='word_1_72' title='bbox 637 1702 754 1754; x_wconf 90' lang='lat' dir='ltr'>sancto</span> <span class='ocrx_word' id='word_1_73' title='bbox 770 1691 971 1774; x_wconf 87' lang='lat' dir='ltr'>Augustino,</span> <span class='ocrx_word' id='word_1_74' title='bbox 989 1690 1129 1753; x_wconf 83' lang='lat' dir='ltr'>Inferius</span> <span class='ocrx_word' id='word_1_75' title='bbox 1145 1689 1281 1772; x_wconf 87' lang='lat' dir='ltr'>duplex.</span> 
     </span>
    </p>
   </div>
   <div class='ocr_carea' id='block_1_9' title="bbox 313 1800 1515 1969">
    <p class='ocr_par' dir='ltr' id='par_1_9' title="bbox 313 1800 1515 1969">
     <span class='ocr_line' id='line_1_14' title="bbox 355 1800 1515 1885; baseline -0.003 -20"><span class='ocrx_word' id='word_1_76' title='bbox 355 1808 389 1878; x_wconf 93' lang='grc' dir='ltr'>(Ι</span> <span class='ocrx_word' id='word_1_77' title='bbox 413 1803 508 1866; x_wconf 87' lang='lat' dir='ltr'>Feria</span> <span class='ocrx_word' id='word_1_78' title='bbox 539 1803 589 1866; x_wconf 91' lang='lat' dir='ltr'>.vi.</span> <span class='ocrx_word' id='word_1_79' title='bbox 625 1802 667 1865; x_wconf 88' lang='lat' dir='ltr'>de</span> <span class='ocrx_word' id='word_1_80' title='bbox 706 1803 794 1866; x_wconf 86' lang='lat' dir='ltr'>seria.</span> <span class='ocrx_word' id='word_1_81' title='bbox 855 1803 1080 1885; x_wconf 86' lang='lat' dir='ltr'>Responsoria</span> <span class='ocrx_word' id='word_1_82' title='bbox 1117 1803 1160 1864; x_wconf 91' lang='lat' dir='ltr'>de</span> <span class='ocrx_word' id='word_1_83' title='bbox 1190 1802 1238 1865; x_wconf 93' lang='lat' dir='ltr'>.iii.</span> <span class='ocrx_word' id='word_1_84' title='bbox 1271 1800 1360 1876; x_wconf 82' lang='lat' dir='ltr'>feria,</span> <span class='ocrx_word' id='word_1_85' title='bbox 1391 1800 1515 1863; x_wconf 87' lang='lat' dir='ltr'>scilicet</span> 
     </span>
     <span class='ocr_line' id='line_1_15' title="bbox 313 1888 493 1969; baseline -0.006 -17"><span class='ocrx_word' id='word_1_86' title='bbox 313 1888 493 1969; x_wconf 85' lang='lat' dir='ltr'>Hymnum.</span> 
     </span>
    </p>
   </div>
   <div class='ocr_carea' id='block_1_10' title="bbox 311 2001 1515 2152">
    <p class='ocr_par' dir='ltr' id='par_1_10' title="bbox 311 2001 1515 2152">
     <span class='ocr_line' id='line_1_16' title="bbox 355 2001 1515 2077; baseline -0.004 -11"><span class='ocrx_word' id='word_1_87' title='bbox 355 2008 388 2077; x_wconf 90' lang='grc' dir='ltr'>(Ι</span> <span class='ocrx_word' id='word_1_88' title='bbox 412 2001 571 2077; x_wconf 88' lang='lat' dir='ltr'>Sabbat0,</span> <span class='ocrx_word' id='word_1_89' title='bbox 584 2004 626 2065; x_wconf 92' lang='lat' dir='ltr'>de</span> <span class='ocrx_word' id='word_1_90' title='bbox 638 2012 755 2065; x_wconf 92' lang='lat' dir='ltr'>sancta</span> <span class='ocrx_word' id='word_1_91' title='bbox 768 2002 883 2065; x_wconf 87' lang='lat' dir='ltr'>Maria.</span> <span class='ocrx_word' id='word_1_92' title='bbox 921 2002 990 2065; x_wconf 93' lang='lat' dir='ltr'>Vbi</span> <span class='ocrx_word' id='word_1_93' title='bbox 1000 2001 1084 2065; x_wconf 87' lang='lat' dir='ltr'>fiunt</span> <span class='ocrx_word' id='word_1_94' title='bbox 1097 2010 1162 2065; x_wconf 91' lang='lat' dir='ltr'>tres</span> <span class='ocrx_word' id='word_1_95' title='bbox 1172 2001 1515 2076; x_wconf 88' lang='lat' dir='ltr'>commemorationes,</span> 
     </span>
     <span class='ocr_line' id='line_1_17' title="bbox 311 2088 963 2152; baseline 0.002 -2"><span class='ocrx_word' id='word_1_96' title='bbox 311 2089 346 2151; x_wconf 92' lang='lat' dir='ltr'>in</span> <span class='ocrx_word' id='word_1_97' title='bbox 361 2089 411 2151; x_wconf 85' lang='lat' dir='ltr'>.vi.</span> <span class='ocrx_word' id='word_1_98' title='bbox 429 2088 510 2151; x_wconf 89' lang='lat' dir='ltr'>seria</span> <span class='ocrx_word' id='word_1_99' title='bbox 526 2088 583 2152; x_wconf 86' lang='lat' dir='ltr'>fiat</span> <span class='ocrx_word' id='word_1_100' title='bbox 599 2109 665 2152; x_wconf 92' lang='lat' dir='ltr'>vna</span> <span class='ocrx_word' id='word_1_101' title='bbox 679 2090 963 2152; x_wconf 74' lang='lat' dir='ltr'>commemoratio,</span> 
     </span>
    </p>
   </div>
   <div class='ocr_carea' id='block_1_11' title="bbox 485 2199 1515 2369">
    <p class='ocr_par' dir='ltr' id='par_1_11' title="bbox 485 2199 1515 2369">
     <span class='ocr_line' id='line_1_18' title="bbox 485 2199 1515 2277; baseline -0.002 -14"><span class='ocrx_word' id='word_1_102' title='bbox 485 2207 520 2277; x_wconf 98' lang='grc' dir='ltr'>(Ι</span> <span class='ocrx_word' id='word_1_103' title='bbox 544 2201 721 2263; x_wconf 91' lang='lat' dir='ltr'>Dominica</span> <span class='ocrx_word' id='word_1_104' title='bbox 751 2222 787 2263; x_wconf 88' lang='lat' dir='ltr'>.v.</span> <span class='ocrx_word' id='word_1_105' title='bbox 814 2202 857 2263; x_wconf 92' lang='lat' dir='ltr'>de</span> <span class='ocrx_word' id='word_1_106' title='bbox 881 2201 1020 2264; x_wconf 90' lang='lat' dir='ltr'>seruicio</span> <span class='ocrx_word' id='word_1_107' title='bbox 1050 2201 1249 2263; x_wconf 91' lang='lat' dir='ltr'>dominicali.</span> <span class='ocrx_word' id='word_1_108' title='bbox 1297 2201 1335 2263; x_wconf 92' lang='lat' dir='ltr'>ln</span> <span class='ocrx_word' id='word_1_109' title='bbox 1361 2199 1515 2262; x_wconf 89' lang='lat' dir='ltr'>laudibus</span> 
     </span>
     <span class='ocr_line' id='line_1_19' title="bbox 487 2288 994 2369; baseline 0 -20"><span class='ocrx_word' id='word_1_110' title='bbox 487 2307 605 2350; x_wconf 92' lang='lat' dir='ltr'>omnes</span> <span class='ocrx_word' id='word_1_111' title='bbox 620 2288 802 2369; x_wconf 87' lang='lat' dir='ltr'>antiphone</span> <span class='ocrx_word' id='word_1_112' title='bbox 818 2288 994 2352; x_wconf 77' lang='lat' dir='ltr'>dicuntur.²</span> 
     </span>
    </p>
   </div>
   <div class='ocr_carea' id='block_1_12' title="bbox 309 2398 1514 2561">
    <p class='ocr_par' dir='ltr' id='par_1_12' title="bbox 309 2398 1514 2561">
     <span class='ocr_line' id='line_1_20' title="bbox 355 2398 1514 2483; baseline -0.001 -22"><span class='ocrx_word' id='word_1_113' title='bbox 355 2403 388 2472; x_wconf 90' lang='grc' dir='ltr'>(Ι</span> <span class='ocrx_word' id='word_1_114' title='bbox 411 2399 508 2461; x_wconf 90' lang='lat' dir='ltr'>Feria</span> <span class='ocrx_word' id='word_1_115' title='bbox 524 2400 563 2463; x_wconf 90' lang='lat' dir='ltr'>.ii.</span> <span class='ocrx_word' id='word_1_116' title='bbox 579 2400 799 2480; x_wconf 82' lang='lat' dir='ltr'>rogationum,</span> <span class='ocrx_word' id='word_1_117' title='bbox 822 2402 864 2463; x_wconf 91' lang='lat' dir='ltr'>de</span> <span class='ocrx_word' id='word_1_118' title='bbox 888 2398 976 2476; x_wconf 87' lang='lat' dir='ltr'>seria,</span> <span class='ocrx_word' id='word_1_119' title='bbox 998 2420 1072 2462; x_wconf 91' lang='lat' dir='ltr'>cum</span> <span class='ocrx_word' id='word_1_120' title='bbox 1098 2400 1315 2483; x_wconf 89' lang='lat' dir='ltr'>expositione.</span> <span class='ocrx_word' id='word_1_121' title='bbox 1363 2399 1514 2480; x_wconf 88' lang='lat' dir='ltr'>Respon-</span> 
     </span>
     <span class='ocr_line' id='line_1_21' title="bbox 309 2485 975 2561; baseline 0.005 -15"><span class='ocrx_word' id='word_1_122' title='bbox 309 2485 398 2547; x_wconf 88' lang='lat' dir='ltr'>soria</span> <span class='ocrx_word' id='word_1_123' title='bbox 413 2486 455 2547; x_wconf 91' lang='lat' dir='ltr'>de</span> <span class='ocrx_word' id='word_1_124' title='bbox 470 2486 532 2550; x_wconf 77' lang='lat' dir='ltr'>iiii.</span> <span class='ocrx_word' id='word_1_125' title='bbox 550 2485 637 2561; x_wconf 85' lang='lat' dir='ltr'>seria,</span> <span class='ocrx_word' id='word_1_126' title='bbox 653 2486 777 2549; x_wconf 89' lang='lat' dir='ltr'>scilicet</span> <span class='ocrx_word' id='word_1_127' title='bbox 792 2486 906 2549; x_wconf 83' lang='lat' dir='ltr'>Deduc</span> <span class='ocrx_word' id='word_1_128' title='bbox 919 2507 975 2550; x_wconf 81' lang='lat' dir='ltr'>me.</span> 
     </span>
    </p>
   </div>
   <div class='ocr_carea' id='block_1_13' title="bbox 311 2597 1514 2750">
    <p class='ocr_par' dir='ltr' id='par_1_13' title="bbox 311 2597 1514 2750">
     <span class='ocr_line' id='line_1_22' title="bbox 354 2597 1514 2675; baseline 0.001 -16"><span class='ocrx_word' id='word_1_129' title='bbox 354 2602 387 2671; x_wconf 89' lang='grc' dir='ltr'>(Ι</span> <span class='ocrx_word' id='word_1_130' title='bbox 411 2597 508 2660; x_wconf 91' lang='lat' dir='ltr'>Feria</span> <span class='ocrx_word' id='word_1_131' title='bbox 523 2598 574 2660; x_wconf 81' lang='lat' dir='ltr'>iii.</span> <span class='ocrx_word' id='word_1_132' title='bbox 591 2597 636 2661; x_wconf 72' lang='lat' dir='ltr'>dev</span> <span class='ocrx_word' id='word_1_133' title='bbox 647 2610 764 2661; x_wconf 87' lang='lat' dir='ltr'>sancta</span> <span class='ocrx_word' id='word_1_134' title='bbox 782 2598 898 2675; x_wconf 91' lang='lat' dir='ltr'>Maria,</span> <span class='ocrx_word' id='word_1_135' title='bbox 913 2607 947 2661; x_wconf 94' lang='lat' dir='ltr'>et</span> <span class='ocrx_word' id='word_1_136' title='bbox 964 2600 1123 2661; x_wconf 90' lang='lat' dir='ltr'>memoria</span> <span class='ocrx_word' id='word_1_137' title='bbox 1139 2600 1181 2661; x_wconf 90' lang='lat' dir='ltr'>de</span> <span class='ocrx_word' id='word_1_138' title='bbox 1197 2610 1312 2661; x_wconf 90' lang='lat' dir='ltr'>sancta</span> <span class='ocrx_word' id='word_1_139' title='bbox 1327 2598 1514 2674; x_wconf 88' lang='lat' dir='ltr'>Petronilla,</span> 
     </span>
     <span class='ocr_line' id='line_1_23' title="bbox 311 2684 662 2750; baseline 0.017 -7"><span class='ocrx_word' id='word_1_140' title='bbox 311 2691 344 2745; x_wconf 87' lang='lat' dir='ltr'>et</span> <span class='ocrx_word' id='word_1_141' title='bbox 359 2684 402 2746; x_wconf 91' lang='lat' dir='ltr'>de</span> <span class='ocrx_word' id='word_1_142' title='bbox 418 2686 662 2750; x_wconf 91' lang='lat' dir='ltr'>resurrectione.</span> 
     </span>
    </p>
   </div>
   <div class='ocr_carea' id='block_1_14' title="bbox 309 2795 1514 3314">
    <p class='ocr_par' dir='ltr' id='par_1_14' title="bbox 309 2795 1514 3314">
     <span class='ocr_line' id='line_1_24' title="bbox 353 2795 1513 2874; baseline 0.003 -16"><span class='ocrx_word' id='word_1_143' title='bbox 353 2801 388 2871; x_wconf 98' lang='grc' dir='ltr'>(Ι</span> <span class='ocrx_word' id='word_1_144' title='bbox 412 2796 507 2859; x_wconf 87' lang='lat' dir='ltr'>Feria</span> <span class='ocrx_word' id='word_1_145' title='bbox 530 2797 592 2859; x_wconf 83' lang='lat' dir='ltr'>iiii.</span> <span class='ocrx_word' id='word_1_146' title='bbox 616 2798 659 2860; x_wconf 87' lang='lat' dir='ltr'>de</span> <span class='ocrx_word' id='word_1_147' title='bbox 682 2795 770 2860; x_wconf 85' lang='lat' dir='ltr'>feria.</span> <span class='ocrx_word' id='word_1_148' title='bbox 817 2796 924 2860; x_wconf 80' lang='lat' dir='ltr'>Nihil⁸</span> <span class='ocrx_word' id='word_1_149' title='bbox 935 2796 977 2860; x_wconf 94' lang='lat' dir='ltr'>de</span> <span class='ocrx_word' id='word_1_150' title='bbox 1003 2809 1120 2860; x_wconf 89' lang='lat' dir='ltr'>sancto</span> <span class='ocrx_word' id='word_1_151' title='bbox 1144 2796 1362 2874; x_wconf 90' lang='lat' dir='ltr'>Nichomede,</span> <span class='ocrx_word' id='word_1_152' title='bbox 1385 2799 1448 2861; x_wconf 92' lang='lat' dir='ltr'>nisi</span> <span class='ocrx_word' id='word_1_153' title='bbox 1470 2800 1513 2862; x_wconf 93' lang='lat' dir='ltr'>ad</span> 
     </span>
     <span class='ocr_line' id='line_1_25' title="bbox 311 2883 1514 2967; baseline 0.003 -22"><span class='ocrx_word' id='word_1_154' title='bbox 311 2902 466 2964; x_wconf 88' lang='lat' dir='ltr'>vesperas</span> <span class='ocrx_word' id='word_1_155' title='bbox 482 2894 515 2946; x_wconf 90' lang='lat' dir='ltr'>et</span> <span class='ocrx_word' id='word_1_156' title='bbox 532 2885 713 2946; x_wconf 86' lang='lat' dir='ltr'>matutinas</span> <span class='ocrx_word' id='word_1_157' title='bbox 731 2885 773 2946; x_wconf 90' lang='lat' dir='ltr'>de</span> <span class='ocrx_word' id='word_1_158' title='bbox 788 2893 905 2946; x_wconf 90' lang='lat' dir='ltr'>sancta</span> <span class='ocrx_word' id='word_1_159' title='bbox 922 2883 1037 2947; x_wconf 83' lang='lat' dir='ltr'>Maria.</span> <span class='ocrx_word' id='word_1_160' title='bbox 1084 2884 1360 2967; x_wconf 87' lang='lat' dir='ltr'>Responsoriade</span> <span class='ocrx_word' id='word_1_161' title='bbox 1373 2886 1412 2948; x_wconf 84' lang='lat' dir='ltr'>ii.</span> <span class='ocrx_word' id='word_1_162' title='bbox 1425 2885 1514 2962; x_wconf 82' lang='lat' dir='ltr'>feria,</span> 
     </span>
     <span class='ocr_line' id='line_1_26' title="bbox 310 2969 1513 3053; baseline 0.004 -22"><span class='ocrx_word' id='word_1_163' title='bbox 310 2969 437 3032; x_wconf 90' lang='lat' dir='ltr'>scilicet</span> <span class='ocrx_word' id='word_1_164' title='bbox 453 2969 617 3049; x_wconf 81' lang='lat' dir='ltr'>Narrabo,</span> <span class='ocrx_word' id='word_1_165' title='bbox 633 2990 709 3033; x_wconf 90' lang='lat' dir='ltr'>cum</span> <span class='ocrx_word' id='word_1_166' title='bbox 732 2971 957 3053; x_wconf 90' lang='lat' dir='ltr'>Responsorio</span> <span class='ocrx_word' id='word_1_167' title='bbox 973 2970 1096 3034; x_wconf 85' lang='lat' dir='ltr'>Dicant</span> <span class='ocrx_word' id='word_1_168' title='bbox 1110 2993 1201 3035; x_wconf 84' lang='lat' dir='ltr'>nunc.</span> <span class='ocrx_word' id='word_1_169' title='bbox 1246 2971 1315 3035; x_wconf 95' lang='lat' dir='ltr'>Vbi</span> <span class='ocrx_word' id='word_1_170' title='bbox 1339 2970 1422 3036; x_wconf 89' lang='lat' dir='ltr'>fiunt</span> <span class='ocrx_word' id='word_1_171' title='bbox 1446 2982 1513 3036; x_wconf 90' lang='lat' dir='ltr'>tres</span> 
     </span>
     <span class='ocr_line' id='line_1_27' title="bbox 311 3057 1514 3141; baseline 0.005 -24"><span class='ocrx_word' id='word_1_172' title='bbox 311 3057 654 3131; x_wconf 88' lang='lat' dir='ltr'>commemorationes,</span> <span class='ocrx_word' id='word_1_173' title='bbox 681 3067 760 3122; x_wconf 89' lang='lat' dir='ltr'>tunc</span> <span class='ocrx_word' id='word_1_174' title='bbox 783 3059 816 3119; x_wconf 93' lang='lat' dir='ltr'>in</span> <span class='ocrx_word' id='word_1_175' title='bbox 840 3059 987 3120; x_wconf 89' lang='lat' dir='ltr'>secunda</span> <span class='ocrx_word' id='word_1_176' title='bbox 1010 3057 1090 3121; x_wconf 89' lang='lat' dir='ltr'>seria</span> <span class='ocrx_word' id='word_1_177' title='bbox 1113 3058 1324 3141; x_wconf 86' lang='lat' dir='ltr'>rogationum</span> <span class='ocrx_word' id='word_1_178' title='bbox 1347 3060 1514 3123; x_wconf 67' lang='lat' dir='ltr'>dicuntur*</span> 
     </span>
     <span class='ocr_line' id='line_1_28' title="bbox 311 3142 1514 3225; baseline 0.002 -20"><span class='ocrx_word' id='word_1_179' title='bbox 311 3142 536 3225; x_wconf 89' lang='lat' dir='ltr'>Responsoria</span> <span class='ocrx_word' id='word_1_180' title='bbox 552 3143 594 3206; x_wconf 91' lang='lat' dir='ltr'>de</span> <span class='ocrx_word' id='word_1_181' title='bbox 617 3146 719 3207; x_wconf 91' lang='lat' dir='ltr'>tercia</span> <span class='ocrx_word' id='word_1_182' title='bbox 742 3144 832 3221; x_wconf 83' lang='lat' dir='ltr'>feria,</span> <span class='ocrx_word' id='word_1_183' title='bbox 847 3144 971 3208; x_wconf 90' lang='lat' dir='ltr'>scilicet</span> <span class='ocrx_word' id='word_1_184' title='bbox 994 3145 1174 3225; x_wconf 81' lang='lat' dir='ltr'>Hymnam.</span> <span class='ocrx_word' id='word_1_185' title='bbox 1220 3145 1266 3208; x_wconf 91' lang='lat' dir='ltr'>Et</span> <span class='ocrx_word' id='word_1_186' title='bbox 1289 3147 1322 3208; x_wconf 90' lang='lat' dir='ltr'>in</span> <span class='ocrx_word' id='word_1_187' title='bbox 1346 3147 1410 3208; x_wconf 81' lang='lat' dir='ltr'>iiii.</span> <span class='ocrx_word' id='word_1_188' title='bbox 1434 3145 1514 3209; x_wconf 87' lang='lat' dir='ltr'>seria</span> 
     </span>
     <span class='ocr_line' id='line_1_29' title="bbox 309 3230 1514 3314; baseline 0.003 -22"><span class='ocrx_word' id='word_1_189' title='bbox 309 3230 463 3293; x_wconf 90' lang='lat' dir='ltr'>dicantur</span> <span class='ocrx_word' id='word_1_190' title='bbox 479 3230 705 3313; x_wconf 87' lang='lat' dir='ltr'>Responsoria</span> <span class='ocrx_word' id='word_1_191' title='bbox 720 3231 838 3295; x_wconf 80' lang='lat' dir='ltr'>Deduc.</span> <span class='ocrx_word' id='word_1_192' title='bbox 878 3231 923 3294; x_wconf 89' lang='lat' dir='ltr'>Et</span> <span class='ocrx_word' id='word_1_193' title='bbox 936 3232 1197 3314; x_wconf 86' lang='lat' dir='ltr'>Responsorium</span> <span class='ocrx_word' id='word_1_194' title='bbox 1209 3231 1320 3295; x_wconf 80' lang='lat' dir='ltr'>feriale</span> <span class='ocrx_word' id='word_1_195' title='bbox 1331 3233 1514 3297; x_wconf 87' lang='lat' dir='ltr'>omittatur.</span> 
     </span>
    </p>
   </div>
   <div class='ocr_carea' id='block_1_15' title="bbox 308 3342 1513 3493">
    <p class='ocr_par' dir='ltr' id='par_1_15' title="bbox 308 3342 1513 3493">
     <span class='ocr_line' id='line_1_30' title="bbox 352 3342 1513 3427; baseline 0.003 -22"><span class='ocrx_word' id='word_1_196' title='bbox 352 3347 387 3417; x_wconf 97' lang='grc' dir='ltr'>(Ι</span> <span class='ocrx_word' id='word_1_197' title='bbox 410 3342 507 3406; x_wconf 87' lang='lat' dir='ltr'>Feria</span> <span class='ocrx_word' id='word_1_198' title='bbox 533 3364 570 3406; x_wconf 92' lang='lat' dir='ltr'>.v.</span> <span class='ocrx_word' id='word_1_199' title='bbox 598 3343 669 3407; x_wconf 88' lang='lat' dir='ltr'>dies</span> <span class='ocrx_word' id='word_1_200' title='bbox 697 3343 914 3408; x_wconf 88' lang='lat' dir='ltr'>Ascensionis</span> <span class='ocrx_word' id='word_1_201' title='bbox 948 3342 1095 3421; x_wconf 90' lang='lat' dir='ltr'>Domini,</span> <span class='ocrx_word' id='word_1_202' title='bbox 1119 3344 1302 3427; x_wconf 86' lang='lat' dir='ltr'>principale</span> <span class='ocrx_word' id='word_1_203' title='bbox 1326 3343 1458 3422; x_wconf 82' lang='lat' dir='ltr'>festum,</span> <span class='ocrx_word' id='word_1_204' title='bbox 1480 3355 1513 3410; x_wconf 90' lang='lat' dir='ltr'>et</span> 
     </span>
     <span class='ocr_line' id='line_1_31' title="bbox 308 3427 610 3493; baseline -0.003 0"><span class='ocrx_word' id='word_1_205' title='bbox 308 3427 390 3493; x_wconf 88' lang='lat' dir='ltr'>nihil</span> <span class='ocrx_word' id='word_1_206' title='bbox 406 3430 449 3492; x_wconf 90' lang='lat' dir='ltr'>de</span> <span class='ocrx_word' id='word_1_207' title='bbox 464 3431 610 3493; x_wconf 78' lang='lat' dir='ltr'>sanctis⁶</span> 
     </span>
    </p>
   </div>
   <div class='ocr_carea' id='block_1_16' title="bbox 353 3541 794 3617">
    <p class='ocr_par' dir='ltr' id='par_1_16' title="bbox 353 3541 794 3617">
     <span class='ocr_line' id='line_1_32' title="bbox 353 3541 794 3617; baseline 0.005 -14"><span class='ocrx_word' id='word_1_208' title='bbox 353 3547 387 3617; x_wconf 94' lang='grc' dir='ltr'>(Ι</span> <span class='ocrx_word' id='word_1_209' title='bbox 410 3542 508 3604; x_wconf 89' lang='lat' dir='ltr'>Feria</span> <span class='ocrx_word' id='word_1_210' title='bbox 523 3542 571 3604; x_wconf 88' lang='lat' dir='ltr'>.vi.</span> <span class='ocrx_word' id='word_1_211' title='bbox 588 3541 630 3604; x_wconf 92' lang='lat' dir='ltr'>de</span> <span class='ocrx_word' id='word_1_212' title='bbox 645 3543 794 3605; x_wconf 79' lang='lat' dir='ltr'>octauis⁶</span> 
     </span>
    </p>
   </div>
   <div class='ocr_carea' id='block_1_17' title="bbox 310 3653 1513 3824">
    <p class='ocr_par' dir='ltr' id='par_1_17' title="bbox 310 3653 1513 3824">
     <span class='ocr_line' id='line_1_33' title="bbox 352 3653 1513 3737; baseline 0 -18"><span class='ocrx_word' id='word_1_213' title='bbox 352 3660 385 3729; x_wconf 86' lang='grc' dir='ltr'>(Ι</span> <span class='ocrx_word' id='word_1_214' title='bbox 411 3653 571 3730; x_wconf 89' lang='lat' dir='ltr'>Sabbat0,</span> <span class='ocrx_word' id='word_1_215' title='bbox 586 3654 780 3718; x_wconf 79' lang='lat' dir='ltr'>deoctauis</span> <span class='ocrx_word' id='word_1_216' title='bbox 825 3653 883 3717; x_wconf 90' lang='lat' dir='ltr'>Ad</span> <span class='ocrx_word' id='word_1_217' title='bbox 900 3675 1056 3737; x_wconf 88' lang='lat' dir='ltr'>vesperas</span> <span class='ocrx_word' id='word_1_218' title='bbox 1073 3653 1130 3718; x_wconf 90' lang='lat' dir='ltr'>fiat</span> <span class='ocrx_word' id='word_1_219' title='bbox 1145 3663 1277 3718; x_wconf 89' lang='lat' dir='ltr'>tanturn</span> <span class='ocrx_word' id='word_1_220' title='bbox 1294 3656 1454 3719; x_wconf 86' lang='lat' dir='ltr'>memoria</span> <span class='ocrx_word' id='word_1_221' title='bbox 1470 3656 1513 3719; x_wconf 87' lang='lat' dir='ltr'>de</span> 
     </span>
     <span class='ocr_line' id='line_1_34' title="bbox 310 3739 1049 3824; baseline 0.001 -21"><span class='ocrx_word' id='word_1_222' title='bbox 310 3750 429 3804; x_wconf 90' lang='lat' dir='ltr'>sancto</span> <span class='ocrx_word' id='word_1_223' title='bbox 445 3739 627 3817; x_wconf 87' lang='lat' dir='ltr'>Bonisaci0,</span> <span class='ocrx_word' id='word_1_224' title='bbox 644 3751 678 3805; x_wconf 92' lang='lat' dir='ltr'>et</span> <span class='ocrx_word' id='word_1_225' title='bbox 694 3741 785 3804; x_wconf 92' lang='lat' dir='ltr'>nulla</span> <span class='ocrx_word' id='word_1_226' title='bbox 801 3741 859 3804; x_wconf 85' lang='lat' dir='ltr'>fiat</span> <span class='ocrx_word' id='word_1_227' title='bbox 875 3742 1049 3824; x_wconf 90' lang='lat' dir='ltr'>processio.</span> 
     </span>
    </p>
   </div>
   <div class='ocr_carea' id='block_1_18' title="bbox 485 3851 1513 4024">
    <p class='ocr_par' dir='ltr' id='par_1_18' title="bbox 485 3851 1513 4024">
     <span class='ocr_line' id='line_1_35' title="bbox 485 3851 1513 3931; baseline 0.004 -16"><span class='ocrx_word' id='word_1_228' title='bbox 485 3858 520 3928; x_wconf 98' lang='grc' dir='ltr'>(Ι</span> <span class='ocrx_word' id='word_1_229' title='bbox 543 3853 720 3917; x_wconf 89' lang='lat' dir='ltr'>Dominica</span> <span class='ocrx_word' id='word_1_230' title='bbox 751 3851 836 3916; x_wconf 84' lang='lat' dir='ltr'>infra</span> <span class='ocrx_word' id='word_1_231' title='bbox 869 3863 1006 3917; x_wconf 90' lang='lat' dir='ltr'>octauas</span> <span class='ocrx_word' id='word_1_232' title='bbox 1041 3854 1265 3931; x_wconf 88' lang='lat' dir='ltr'>Ascensionis,</span> <span class='ocrx_word' id='word_1_233' title='bbox 1299 3853 1341 3917; x_wconf 90' lang='lat' dir='ltr'>de</span> <span class='ocrx_word' id='word_1_234' title='bbox 1374 3857 1513 3919; x_wconf 88' lang='lat' dir='ltr'>seruicio</span> 
     </span>
     <span class='ocr_line' id='line_1_36' title="bbox 486 3940 1427 4024; baseline 0.002 -21"><span class='ocrx_word' id='word_1_235' title='bbox 486 3940 677 4004; x_wconf 89' lang='lat' dir='ltr'>dominicali</span> <span class='ocrx_word' id='word_1_236' title='bbox 693 3990 699 4004; x_wconf 89' lang='lat'>.</span> <span class='ocrx_word' id='word_1_237' title='bbox 717 3941 878 4004; x_wconf 88' lang='lat' dir='ltr'>memoria</span> <span class='ocrx_word' id='word_1_238' title='bbox 892 3940 935 4003; x_wconf 88' lang='lat' dir='ltr'>de</span> <span class='ocrx_word' id='word_1_239' title='bbox 951 3941 1166 4024; x_wconf 70' lang='lat' dir='ltr'>martyribus&#39;</span> <span class='ocrx_word' id='word_1_240' title='bbox 1182 3952 1215 4004; x_wconf 89' lang='lat' dir='ltr'>et</span> <span class='ocrx_word' id='word_1_241' title='bbox 1233 3941 1275 4005; x_wconf 92' lang='lat' dir='ltr'>de</span> <span class='ocrx_word' id='word_1_242' title='bbox 1290 3942 1427 4005; x_wconf 88' lang='lat' dir='ltr'>octauis.</span> 
     </span>
    </p>
   </div>
   <div class='ocr_carea' id='block_1_19' title="bbox 314 2248 450 2321">
    <p class='ocr_par' dir='ltr' id='par_1_19' title="bbox 314 2248 450 2321">
     <span class='ocr_line' id='line_1_37' title="bbox 314 2248 450 2321; baseline 0.007 -18"><span class='ocrx_word' id='word_1_243' title='bbox 314 2250 383 2319; x_wconf 90' lang='lat' dir='ltr'>May</span> <span class='ocrx_word' id='word_1_244' title='bbox 395 2248 450 2321; x_wconf 64' lang='grc' dir='ltr'>πᾳ]</span> 
     </span>
    </p>
   </div>
   <div class='ocr_carea' id='block_1_20' title="bbox 307 3900 432 3974">
    <p class='ocr_par' dir='ltr' id='par_1_20' title="bbox 307 3900 432 3974">
     <span class='ocr_line' id='line_1_38' title="bbox 307 3900 432 3974; baseline -0.016 0"><span class='ocrx_word' id='word_1_245' title='bbox 307 3905 382 3974; x_wconf 80' lang='lat' dir='ltr'>June</span> <span class='ocrx_word' id='word_1_246' title='bbox 397 3900 432 3973; x_wconf 69' lang='lat' dir='ltr'>s]</span> 
     </span>
    </p>
   </div>
   <div class='ocr_carea' id='block_1_21' title="bbox 308 4182 1515 4583">
    <p class='ocr_par' dir='ltr' id='par_1_21' title="bbox 308 4182 1515 4383">
     <span class='ocr_line' id='line_1_39' title="bbox 341 4182 1512 4253; baseline 0.004 -19"><span class='ocrx_word' id='word_1_247' title='bbox 341 4182 393 4220; x_wconf 88' lang='lat'>¹—-¹</span> <span class='ocrx_word' id='word_1_248' title='bbox 410 4194 435 4235; x_wconf 86' lang='lat' dir='ltr'>et</span> <span class='ocrx_word' id='word_1_249' title='bbox 447 4193 506 4235; x_wconf 88' lang='lat' dir='ltr'>tunc</span> <span class='ocrx_word' id='word_1_250' title='bbox 517 4186 542 4236; x_wconf 90' lang='lat' dir='ltr'>in</span> <span class='ocrx_word' id='word_1_251' title='bbox 554 4186 587 4237; x_wconf 84' lang='lat' dir='ltr'>vi.</span> <span class='ocrx_word' id='word_1_252' title='bbox 602 4186 663 4237; x_wconf 79' lang='lat' dir='ltr'>feria</span> <span class='ocrx_word' id='word_1_253' title='bbox 679 4187 794 4238; x_wconf 89' lang='lat' dir='ltr'>dicuntur</span> <span class='ocrx_word' id='word_1_254' title='bbox 812 4187 1005 4252; x_wconf 85' lang='lat' dir='ltr'>Responsorium</span> <span class='ocrx_word' id='word_1_255' title='bbox 1023 4189 1131 4237; x_wconf 74' lang='lat' dir='ltr'>Locutus</span> <span class='ocrx_word' id='word_1_256' title='bbox 1146 4196 1182 4238; x_wconf 81' lang='lat' dir='ltr'>est</span> <span class='ocrx_word' id='word_1_257' title='bbox 1195 4199 1221 4240; x_wconf 87' lang='lat' dir='ltr'>et</span> <span class='ocrx_word' id='word_1_258' title='bbox 1238 4188 1406 4253; x_wconf 82' lang='lat' dir='ltr'>Responsoria</span> <span class='ocrx_word' id='word_1_259' title='bbox 1420 4189 1452 4240; x_wconf 89' lang='lat' dir='ltr'>de</span> <span class='ocrx_word' id='word_1_260' title='bbox 1468 4206 1512 4239; x_wconf 87' lang='lat' dir='ltr'>rur.</span> 
     </span>
     <span class='ocr_line' id='line_1_40' title="bbox 309 4248 1515 4322; baseline 0.006 -24"><span class='ocrx_word' id='word_1_261' title='bbox 309 4248 371 4299; x_wconf 80' lang='lat' dir='ltr'>seria</span> <span class='ocrx_word' id='word_1_262' title='bbox 381 4251 610 4315; x_wconf 80' lang='lat' dir='ltr'>pretermittantur:</span> <span class='ocrx_word' id='word_1_263' title='bbox 628 4252 669 4315; x_wconf 89' lang='lat'>87,</span> <span class='ocrx_word' id='word_1_264' title='bbox 682 4251 714 4302; x_wconf 85' lang='lat'>88</span> <span class='ocrx_word' id='word_1_265' title='bbox 724 4271 732 4303; x_wconf 71' lang='grc' dir='ltr'><em>ε</em></span> <span class='ocrx_word' id='word_1_266' title='bbox 774 4261 800 4302; x_wconf 88' lang='lat' dir='ltr'>et</span> <span class='ocrx_word' id='word_1_267' title='bbox 811 4261 870 4302; x_wconf 89' lang='lat' dir='ltr'>tunc</span> <span class='ocrx_word' id='word_1_268' title='bbox 882 4251 907 4301; x_wconf 92' lang='lat' dir='ltr'>in</span> <span class='ocrx_word' id='word_1_269' title='bbox 919 4252 952 4303; x_wconf 83' lang='lat' dir='ltr'>vi.</span> <span class='ocrx_word' id='word_1_270' title='bbox 966 4252 1027 4303; x_wconf 81' lang='lat' dir='ltr'>seria</span> <span class='ocrx_word' id='word_1_271' title='bbox 1038 4253 1153 4303; x_wconf 89' lang='lat' dir='ltr'>dicuntur</span> <span class='ocrx_word' id='word_1_272' title='bbox 1170 4253 1339 4322; x_wconf 84' lang='lat' dir='ltr'>Responsoria</span> <span class='ocrx_word' id='word_1_273' title='bbox 1355 4254 1388 4304; x_wconf 86' lang='lat' dir='ltr'>de</span> <span class='ocrx_word' id='word_1_274' title='bbox 1405 4253 1440 4304; x_wconf 87' lang='lat' dir='ltr'>iii.</span> <span class='ocrx_word' id='word_1_275' title='bbox 1453 4255 1515 4305; x_wconf 80' lang='lat' dir='ltr'>serie</span> 
     </span>
     <span class='ocr_line' id='line_1_41' title="bbox 308 4315 1041 4383; baseline 0.005 -20"><span class='ocrx_word' id='word_1_276' title='bbox 308 4325 335 4364; x_wconf 86' lang='lat' dir='ltr'>et</span> <span class='ocrx_word' id='word_1_277' title='bbox 349 4315 516 4381; x_wconf 82' lang='lat' dir='ltr'>Responsoria</span> <span class='ocrx_word' id='word_1_278' title='bbox 526 4317 559 4367; x_wconf 90' lang='lat' dir='ltr'>de</span> <span class='ocrx_word' id='word_1_279' title='bbox 571 4316 616 4367; x_wconf 88' lang='lat' dir='ltr'>iiii.</span> <span class='ocrx_word' id='word_1_280' title='bbox 629 4318 690 4369; x_wconf 79' lang='lat' dir='ltr'>seria</span> <span class='ocrx_word' id='word_1_281' title='bbox 701 4318 930 4383; x_wconf 79' lang='lat' dir='ltr'>pretermittantur:</span> <span class='ocrx_word' id='word_1_282' title='bbox 947 4329 988 4380; x_wconf 86' lang='lat'>97,</span> <span class='ocrx_word' id='word_1_283' title='bbox 1001 4331 1041 4367; x_wconf 91' lang='lat'>01.</span> 
     </span>
    </p>

    <p class='ocr_par' dir='ltr' id='par_1_22' title="bbox 340 4377 1291 4447">
     <span class='ocr_line' id='line_1_42' title="bbox 340 4377 1291 4447; baseline 0.005 -17"><span class='ocrx_word' id='word_1_284' title='bbox 340 4377 352 4409; x_wconf 73' lang='lat'>²</span> <span class='ocrx_word' id='word_1_285' title='bbox 367 4379 497 4432; x_wconf 84' lang='lat' dir='ltr'>dicantur:</span> <span class='ocrx_word' id='word_1_286' title='bbox 514 4381 553 4432; x_wconf 84' lang='lat'>88.</span> <span class='ocrx_word' id='word_1_287' title='bbox 936 4380 947 4413; x_wconf 79' lang='lat'>³</span> <span class='ocrx_word' id='word_1_288' title='bbox 962 4392 987 4433; x_wconf 89' lang='lat' dir='ltr'>et</span> <span class='ocrx_word' id='word_1_289' title='bbox 998 4383 1075 4447; x_wconf 80' lang='lat' dir='ltr'>before</span> <span class='ocrx_word' id='word_1_290' title='bbox 1086 4382 1179 4435; x_wconf 84' lang='lat' dir='ltr'>nichil:</span> <span class='ocrx_word' id='word_1_291' title='bbox 1197 4385 1237 4447; x_wconf 84' lang='lat'>87,</span> <span class='ocrx_word' id='word_1_292' title='bbox 1251 4383 1291 4435; x_wconf 84' lang='lat'>88.</span> 
     </span>
    </p>

    <p class='ocr_par' dir='ltr' id='par_1_23' title="bbox 341 4443 1304 4501">
     <span class='ocr_line' id='line_1_43' title="bbox 341 4443 1304 4501; baseline 0.005 -7"><span class='ocrx_word' id='word_1_293' title='bbox 341 4443 352 4475; x_wconf 81' lang='lat'><strong>⁴</strong></span> <span class='ocrx_word' id='word_1_294' title='bbox 368 4444 500 4497; x_wconf 78' lang='lat' dir='ltr'>dicantur:</span> <span class='ocrx_word' id='word_1_295' title='bbox 518 4446 558 4497; x_wconf 87' lang='lat'>88.</span> <span class='ocrx_word' id='word_1_296' title='bbox 940 4446 951 4477; x_wconf 74' lang='lat'><em>⁶</em></span> <span class='ocrx_word' id='word_1_297' title='bbox 968 4448 1013 4498; x_wconf 89' lang='lat' dir='ltr'>SS.</span> <span class='ocrx_word' id='word_1_298' title='bbox 1026 4449 1174 4499; x_wconf 82' lang='lat' dir='ltr'>Marcellino</span> <span class='ocrx_word' id='word_1_299' title='bbox 1185 4459 1211 4500; x_wconf 88' lang='lat' dir='ltr'>et</span> <span class='ocrx_word' id='word_1_300' title='bbox 1223 4453 1304 4501; x_wconf 85' lang='lat' dir='ltr'>Petro.</span> 
     </span>
    </p>

    <p class='ocr_par' dir='ltr' id='par_1_24' title="bbox 339 4507 1362 4583">
     <span class='ocr_line' id='line_1_44' title="bbox 339 4507 1362 4583; baseline 0.003 -23"><span class='ocrx_word' id='word_1_301' title='bbox 339 4507 351 4541; x_wconf 78' lang='lat'>⁶</span> <span class='ocrx_word' id='word_1_302' title='bbox 366 4510 535 4563; x_wconf 80' lang='lat' dir='ltr'>Ascensionis.</span> <span class='ocrx_word' id='word_1_303' title='bbox 938 4512 949 4545; x_wconf 75' lang='lat'>⁷</span> <span class='ocrx_word' id='word_1_304' title='bbox 966 4512 1011 4565; x_wconf 89' lang='lat' dir='ltr'>SS.</span> <span class='ocrx_word' id='word_1_305' title='bbox 1027 4513 1157 4565; x_wconf 82' lang='lat' dir='ltr'>Bonifacio</span> <span class='ocrx_word' id='word_1_306' title='bbox 1167 4516 1290 4583; x_wconf 83' lang='lat' dir='ltr'>sociisque</span> <span class='ocrx_word' id='word_1_307' title='bbox 1301 4514 1362 4564; x_wconf 86' lang='lat' dir='ltr'>eius.</span> 
     </span>
    </p>
   </div>
   <div class='ocr_carea' id='block_1_22' title="bbox 0 0 1690 5224">
    <p class='ocr_par' dir='ltr' id='par_1_25' title="bbox 0 0 1690 5224">
     <span class='ocr_line' id='line_1_45' title="bbox 0 0 1690 5224; baseline 0 1"><span class='ocrx_word' id='word_1_308' title='bbox 0 0 1690 5224; x_wconf 95' lang='lat' dir='ltr'> </span> 
     </span>
    </p>
   </div>
  </div>
 </body>
</html>
