3372 5224
605 711 773 783 Quartum
795 715 835 779 B.
858 716 939 779 xiiii.
962 718 1008 781 xi.
1029 719 1071 780 vi.
1095 718 1149 779 iii.¹

320 832 473 916 [Epacte,
498 851 550 912 20,
565 852 615 913 22,
640 852 691 916 23,
714 850 764 917 25,
779 836 861 917 solo
876 837 1028 919 antipam
1052 853 1104 917 27,
1120 839 1170 913 28,
1195 853 1245 918 29,
1271 852 1321 917 30,
1348 853 1374 913 1,
1398 852 1427 913 2,
1451 851 1481 916 3,

274 921 356 1002 stylo
370 921 529 985 moderno.
576 923 712 1000 Pascha,
728 924 806 986 xvii.
823 923 945 1007 April]

450 1065 484 1135 (Ι
508 1060 536 1122 F
537 1060 605 1123 eria
619 1060 669 1124 .vi.
685 1062 718 1123 in
735 1062 878 1125 crastino
897 1071 1091 1126 octauarum
1108 1061 1306 1144 Epiphanie,
1326 1061 1368 1123 de
1392 1059 1477 1123 festo

451 1145 524 1225 loci,
539 1157 572 1211 et
589 1147 749 1211 memoria
763 1149 806 1212 de
821 1161 939 1212 sancto
956 1149 1074 1213 Felice.

317 1268 352 1339 (Ι
375 1261 533 1341 Sabbato,
557 1266 600 1329 de
623 1275 741 1330 sancta
758 1267 874 1343 Maria,
890 1277 924 1331 et
949 1267 1109 1331 memoria
1135 1267 1178 1329 de
1204 1276 1321 1330 sancto
1348 1264 1479 1328 Mauro.

276 1348 332 1412 Ad
348 1351 601 1435 completorium
617 1354 739 1417 dicitur
753 1353 911 1438 psalmus,
924 1354 987 1417 Ad
998 1364 1027 1417 te
1041 1354 1160 1418 leuaui.

274 1519 337 1588 1
353 1518 406 1591 1
449 1473 831 1558 Ἰ

276 1639 412 1706 historia
432 1580 692 1711 Dellllllznelcllelsin
714 1583 867 1713 iral‘vllit
890 1583 1098 1712 fialnlnmltslie
1123 1582 1282 1712 leecllllllltls
1297 1584 1478 1712 delsancto

277 1728 446 1796 Marcello.
493 1735 532 1797 In
556 1734 710 1799 laudibus
725 1756 842 1800 omnes
858 1736 1040 1819 antiphone
1055 1736 1218 1800 dicuntur.

317 1856 351 1926 (Ι
375 1852 404 1915 F
405 1854 472 1917 etia
486 1855 526 1919 ,it
542 1856 585 1919 de
600 1854 687 1919 sesto
702 1856 775 1922 loci.

318 1977 353 2048 (Ι
375 1973 472 2037 Feria
488 1974 539 2039 iii.
554 1977 597 2040 de
612 1987 729 2041 sancta
745 1977 861 2054 Maria,
877 1987 911 2041 et
927 1978 1087 2041 memoria
1102 1979 1144 2041 de
1160 1986 1277 2039 sancta
1293 1974 1412 2039 Prisca

274 1109 337 1177 Jan·
354 1106 406 1179 14]

319 2218 354 2289 (Ι
376 2214 474 2277 Feria
496 2237 534 2280 .v.
559 2218 601 2280 de
626 2217 750 2280 sanctis
778 2218 928 2282 Fabiano
954 2228 988 2282 et
1016 2217 1223 2295 Sebastiano,
1247 2217 1293 2280 ix.
1309 2216 1479 2279 lectiones.

276 2297 470 2382 Capitulum
485 2301 652 2366 Iustorum
667 2305 784 2369 anima

266 2426 352 2589 fill
377 2421 473 2485 Feria
488 2424 540 2488 .vi.
556 2423 598 2487 de
615 2435 731 2488 sancta
756 2425 890 2509 Agnete
903 2427 959 2489 ix.
976 2426 1142 2490 lectiones.
1188 2423 1380 2507 Capitulum
1400 2420 1480 2487 Con·

300 2516 394 2571 teor.

320 2634 355 2705 (Ι
378 2627 537 2708 Sabbat0,
553 2634 596 2696 de
611 2630 727 2697 sancto
741 2633 929 2710 Vincentio,
945 2635 990 2698 ix.
1008 2634 1175 2696 lectiones.

275 2760 339 2828 Jan.
352 2757 407 2831 ²3·]
451 2757 486 2828 (Ι
508 2752 687 2816 Dominica
701 2754 750 2831 ‚ii.,
766 2752 864 2837 plene
879 2765 1031 2818 cantetur
1045 2754 1190 2818 historia.

318 2877 353 2948 (Ι
397 2868 435 2958 [g
449 2869 504 2957 ii]
529 2873 626 2936 Feria
639 2873 678 2937 ,ii
694 2874 736 2937 de
752 2874 838 2937 sesto
853 2874 925 2938 loci.

320 2996 355 3067 (Ι
378 2992 475 3054 Feria
501 2992 553 3057 iii.
579 2992 622 3056 de
642 3004 759 3057 sancto
787 2993 900 3069 Paulo,
928 2994 1161 3058 Inuitatorium
1184 2960 1331 3076 triplex,
1348 2993 1393 3055 in.
1417 2990 1481 3054 lec·

277 3079 395 3144 tiones,
439 3079 496 3142 Ad
513 3080 649 3143 mIssam
659 3080 780 3143 dicitur
797 3079 897 3146 Credo
912 3092 947 3145 et
963 3081 1107 3145 Prolatio
1122 3080 1165 3143 de
1180 3079 1350 3163 apostolis.

320 3203 355 3274 (Ι
378 3199 475 3262 Feria
491 3198 563 3276 iiii,
578 3199 621 3262 de
638 3199 726 3264 seria.
773 3202 998 3284 Responsoria
1015 3201 1102 3265 illius
1118 3200 1220 3265 lerie.²

320 3325 354 3395 (Ι
377 3319 475 3382 Feria
498 3341 545 3397 .v.,
567 3321 610 3384 de
639 3330 756 3384 saneto
785 3322 925 3390 Iuliano.
987 3322 1220 3386 Inuitatorium
1245 3320 1382 3403 duplex,
1412 3329 1479 3383 tres

277 3405 443 3470 lectiones.
488 3406 681 3490 Capitulum
696 3408 777 3471 Ecce
789 3408 943 3473 sacerdos.

319 3532 354 3603 (Ι
378 3526 474 3590 Feria
503 3527 553 3591 .vi.
587 3527 630 3590 de
664 3537 780 3592 sancta
810 3528 955 3610 Agnete,
983 3527 1216 3592 Inuitatorium
1243 3526 1382 3610 duplex,
1413 3536 1479 3589 tres

277 3613 444 3678 lectiones.
482 3613 675 3696 Capitulum
691 3615 833 3678 Domine
842 3615 935 3679 Deus
948 3637 1045 3679 meus.

319 3737 354 3808 (Ι
376 3729 535 3810 Sabbato,
557 3732 600 3795 de
624 3741 741 3796 sancta
765 3733 881 3797 Maria.
937 3733 1006 3797 Vbi
1030 3733 1114 3798 fiunt
1143 3743 1211 3799 tres
1241 3751 1481 3797 commemora-

276 3819 394 3897 tiones,
409 3819 441 3881 in
457 3819 520 3883 iiii.
536 3817 617 3882 seria
632 3816 691 3883 fiat
706 3840 771 3884 vna
786 3823 1068 3885 commemoratio.

452 3942 485 4012 (Ι
509 3937 689 4001 Dominica
711 3938 773 4016 iii,
794 3939 837 4002 de
861 3939 1001 4003 seruicio
1024 3939 1225 4004 dominicali.
1281 3939 1394 4001 Medie
1417 3937 1480 4001 lec·

276 3988 339 4057 lan·
353 3984 408 4058 30‘]
452 4025 561 4088 tiones
585 4024 628 4088 de
657 4036 774 4089 sancta
804 4027 945 4104 Batilde,
970 4047 1046 4090 cum
1074 4025 1300 4111 Responsorio
1330 4026 1480 4108 Regnum

276 4108 401 4172 mundi.

319 4236 354 4307 (Ι
377 4231 474 4294 Feria
488 4231 528 4294 .ii.
544 4232 586 4296 de
603 4230 688 4295 festo
704 4232 776 4298 loci.

473 4405 481 4437 ¹
501 4407 637 4472 Heading:
654 4424 701 4457 om.
715 4407 756 4470 87.

470 4470 482 4502 ²
499 4473 613 4538 Epistola
624 4484 649 4523 et
660 4472 817 4539 euangelium
829 4474 939 4525 eiusdem
952 4475 1029 4527 serie:
1046 4477 1103 4526 add.
1117 4487 1159 4540 97,
1170 4489 1212 4529 01.
