3310 5206
472 436 692 489 sacuuouu
708 438 743 487 A.
777 438 855 487 xvsti.
879 453 923 487 xv.
947 454 974 488 x.
998 439 1046 487 vu.
1349 449 1380 504 53

220 597 255 667 (Ι
279 589 378 653 Feria
400 589 439 652 ii
462 591 505 653 de
528 599 645 653 sancta
669 589 802 653 Batilde
825 610 901 652 cum
927 600 1097 654 nocturno,
1143 591 1378 656 Inuitatorium

176 677 346 760 simplex:
376 676 422 740 et¹
445 677 493 739 sie
518 677 576 740 fiat
599 677 631 738 in
656 678 812 739 omnibus
829 676 930 740 seriis¹
957 675 1041 753 tres†
1067 678 1237 742 lectiones¹
1253 730 1261 742 .
1276 700 1380 761 vsque
1447 694 1451 701 '

177 765 221 829 ad
237 773 341 847 caput
356 764 478 827 ieiunii.
523 764 799 845 Responsorium³
821 764 971 846 Regnum
994 766 1132 828 mundi:
1160 767 1321 829 memoria
1337 768 1379 829 de

179 861 296 914 sancta
313 851 428 928 Maria,
443 861 478 913 et
492 850 536 913 de
552 851 718 914 Omnibus
735 850 876 915 Sanctis.

220 977 253 1047 (Ι
277 971 376 1034 Feria
391 970 443 1032 .iii.
459 969 502 1031 de
517 968 604 1033 sesto
620 969 692 1044 loci,
708 981 741 1033 et
757 971 917 1033 memoria
931 971 975 1034 de
989 980 1105 1034 sancta
1121 972 1237 1036 Maria

220 1096 255 1166 (Ι
279 1090 377 1153 Feria
392 1110 456 1152 im.
472 1089 515 1152 de
529 1099 647 1153 sancta
670 1090 815 1171 Brigida,
836 1110 913 1153 cum
937 1101 1107 1156 nocturno.
1152 1094 1379 1177 Responsoria

177 1178 222 1240 de
236 1176 385 1241 secundo
401 1186 574 1253 nocturno
588 1196 664 1239 cum
681 1178 906 1258 Responsorio
921 1177 1039 1240 Induit
1052 1200 1109 1242 me.

221 1303 255 1373 (Ι
279 1297 376 1360 Feria
391 1318 429 1359 .v.
446 1297 569 1359 festum
586 1296 838 1375 Purificationis,
850 1298 957 1360 maius
969 1297 1104 1381 duplex.
1143 1300 1200 1363 Ad
1216 1301 1380 1364 secundas

175 1383 523 1534 xffi,lal}iyomnu5,
547 1381 646 1460 Quod
662 1384 777 1446 chorus
799 1394 936 1447 vatum:
959 1386 1051 1448 nulla
1073 1385 1132 1449 fiat
1155 1388 1315 1450 memoria
1336 1389 1380 1449 de

220 1597 254 1667 (Ι
278 1590 375 1652 Feria
401 1590 450 1652 .vi.
475 1590 518 1651 de
542 1598 660 1652 sancto
684 1590 806 1667 Blasio,
830 1600 896 1654 tres
918 1591 1085 1668 lectiones,
1107 1612 1183 1655 cum
1207 1603 1380 1659 nocturno.

177 1677 372 1761 Capitulum
392 1675 509 1740 Omnis
517 1676 670 1757 pontifex

219 1803 254 1873 (Ι
277 1796 437 1873 Sabbat0,
457 1796 500 1858 de
524 1808 641 1859 sancta
665 1797 782 1859 Maria
838 1797 905 1860 Vbi
934 1796 1018 1861 fiunt
1044 1808 1112 1862 tres
1137 1819 1380 1863 commemora·

174 1884 294 1960 tiones,
318 1885 351 1945 in
377 1884 416 1945 .ii.
442 1881 522 1945 seria
549 1882 608 1946 fiat
631 1884 751 1967 prima⁴
778 1885 1072 1948 commemoratio:
1096 1897 1130 1949 et
1153 1888 1379 1969 Responsoria

175 1970 303 2034 ferialia
318 1970 611 2052 pretermittantur.

219 2095 255 2165 (Ι
277 2089 456 2152 Dominica
470 2088 503 2151 in
521 2090 742 2172 sexagesima,
753 2098 827 2153 tota
841 2089 961 2154 dicitur
975 2091 1120 2156 historia.

353 2215 387 2285 (Ι
412 2209 550 2271 Festum
573 2220 688 2272 sancte
711 2209 848 2292 Agathe
864 2210 1035 2274 differatur
1049 2233 1153 2295 vsque
1170 2213 1228 2276 ad⁸
1243 2213 1378 2277 terciam

177 2260 247 2314 Feb.
262 2256 299 2329 5’]
355 2296 480 2359 seriam.
515 2297 670 2360 Secunde
680 2317 818 2379 vespere
828 2308 926 2361 erunt
936 2299 978 2361 de
988 2300 1164 2377 dominica,
1175 2310 1209 2363 et
1220 2301 1379 2381 memoria

177 2383 220 2445 de
236 2382 488 2445 consessoribus.

220 2508 255 2578 (Ι
278 2501 375 2565 Feria
390 2503 430 2564 .ii.
446 2502 489 2565 de
504 2503 629 2565 sanctis
645 2503 799 2566 Vedasto
813 2514 848 2567 et
863 2503 1035 2583 Amand0,
1049 2526 1125 2568 cum
1142 2516 1314 2570 nocturno,

219 2627 253 2697 (Ι
278 2622 375 2684 Feria
389 2623 441 2684 .iii.
457 2623 500 2684 de
515 2633 630 2685 sancta
652 2622 800 2705 Agatha,
822 2625 866 2687 ix.
888 2624 1054 2702 lectiones,
1073 2627 1145 2690 sine
1159 2628 1379 2710 expositione.

177 2706 373 2789 Capitulum
392 2707 577 2790 Confitebor.

220 2833 254 2903 (Ι
278 2828 376 2891 Feria
390 2829 454 2892 .iiii.
471 2830 514 2892 de
530 2830 628 2907 serim,
643 2851 719 2893 cum
737 2831 970 2914 Responsoriis
985 2834 1194 2897 dominicalis
1210 2835 1353 2898 historIe.

219 2953 254 3023 (Ι
277 2948 375 3011 Feria
389 2971 426 3011 .v.
443 2948 486 3012 de
502 2949 588 3013 sesto
604 2950 676 3013 loci.

219 3073 253 3143 (Ι
277 3067 374 3131 Feria
396 3069 446 3131 .vi.
470 3069 513 3132 de
534 3080 652 3132 sancta
671 3069 864 3148 Scolastica,
878 3092 954 3135 cum
971 3083 1141 3136 nocturno
1186 3074 1378 3158 Capitulum

179 3151 250 3231 Qui
255 3155 446 3236 gloriatur.⁶

220 3280 254 3350 (Ι
278 3273 439 3349 sabbato,
451 3276 494 3339 de
505 3288 622 3340 sancta
633 3277 749 3339 Maria
783 3277 850 3341 Vbi
863 3277 947 3342 fiunt
959 3289 1025 3342 tres
1037 3282 1379 3358 commemorationeS,

176 3362 211 3424 in
228 3362 291 3424 .iiii.
308 3363 389 3425 seria
405 3363 474 3426 fiet⁷
490 3365 597 3445 prima
612 3367 895 3428 commemoratio.

179 3486 249 3540 Feb.
265 3482 320 3554 η]
356 3488 391 3558 (Ι
414 3483 594 3546 Dominica
610 3484 642 3545 in
659 3485 945 3567 quinquagesima,
961 3495 1033 3550 tota
1048 3487 1178 3550 dicatur
1192 3487 1337 3551 historia

220 3599 254 3669 (Ι
278 3593 374 3657 Feria
390 3595 429 3656 .ii.
445 3596 488 3656 de
504 3595 590 3657 sesto
605 3595 677 3657 loci.

220 3719 254 3789 (Ι
278 3714 307 3776 F
307 3713 375 3776 etia
391 3714 441 3775 .iii.
457 3713 500 3776 de
516 3725 633 3778 sancta
650 3715 767 3791 Maria,
781 3727 816 3779 et
832 3719 993 3780 memoria
1008 3717 1050 3781 de
1066 3729 1183 3782 sancto
1192 3719 1381 3783 Valentino.

220 3838 254 3908 (Ι
278 3833 375 3896 Feria
390 3834 453 3896 .iiii.
469 3835 502 3895 in
519 3835 628 3916 capite
643 3836 763 3911 ieiunii,
780 3837 823 3900 de
838 3838 977 3900 seruicio
992 3837 1104 3900 feriali.

222 3958 255 4028 (Ι
278 3952 441 4034 Sequenti
458 3953 600 4016 sabbato
616 3955 743 4018 ferialia
759 3957 986 4041 Responsoria
1001 3960 1126 4040 pariter
1140 3968 1322 4022 cantentur.

211 4144 261 4182 ¹.1
279 4146 352 4196 etsie
363 4146 406 4195 fiet
417 4145 443 4195 in
454 4147 571 4198 omnibus
581 4148 651 4198 sestis
661 4149 735 4199 trium
746 4150 880 4201 lectionum
891 4171 898 4201 ι
915 4164 956 4214 97,
968 4166 1009 4203 οι.

210 4210 222 4241 ²
236 4211 322 4261 ἰαύει
340 4210 383 4273 87,
394 4210 435 4269 88,
448 4223 488 4272 97.
891 4218 902 4247 ³
918 4218 1022 4268 tercium
1035 4217 1249 4283 Responsorium:
1266 4218 1308 4280 87,
1320 4217 1360 4268 88.

211 4276 222 4305 ⁴
238 4277 281 4326 fiat
292 4293 357 4325 uuaz
375 4276 416 4338 87,
429 4276 468 4325 88.

210 4340 221 4369 ⁶
236 4342 262 4391 in
274 4342 376 4391 terciam
387 4342 474 4391 seriam
485 4358 587 4407 vespere
598 4354 670 4394 erunt
681 4363 687 4394 :
700 4344 742 4407 87,
754 4344 793 4394 88.
830 4346 870 4396 De
886 4347 934 4397 hnc
945 4348 1030 4412 regula
1041 4348 1097 4398 vide
1112 4350 1187 4399 Crede
1198 4349 1289 4410 Muti,
1300 4350 1327 4410 ἓξ
1338 4349 1379 4410 69,

180 4405 227 4501 ηὲ
236 4405 436 4537 ἱ(Σιιιῖξιιιῗίζιίιιίὴιιιιιί
446 4472 583 4536 gloriatur:
599 4489 646 4524 oin.
660 4473 702 4535 87,
718 4473 757 4524 88.
891 4475 979 4538 ⁷fi²¹3
996 4476 1038 4540 87›
1051 4477 1090 4528 38·
