3330 5218
272 363 305 414 80
609 364 885 416 DIRECTORIUM
901 365 1168 417 SACERDOTUM.

269 517 613 593 commemorationes,
644 517 676 580 in
708 518 758 582 .iii.
790 516 870 580 feria
901 515 958 581 fiat
981 537 1047 580 vna
1070 520 1352 596 commemoratio,
1379 529 1414 585 et
1439 521 1471 584 in

270 605 439 669 dominica
455 604 576 667 dicitur
591 604 692 667 missa
707 604 750 667 de
766 604 829 668 iiii.
845 605 1011 668 dominica
1027 606 1059 668 in
1075 605 1230 688 capitulo.

273 730 341 784 Feb.
358 725 411 798 η]
445 731 479 801 41
503 724 682 787 Dominica
698 723 731 787 in
747 724 829 788 lxx.
846 732 919 788 tota
934 724 1054 789 dicitur
1069 726 1213 789 historia.

314 851 348 921 41
373 844 468 907 Feria
483 845 522 907 .ii.
539 845 582 907 de
598 844 682 908 sesto
697 843 770 908 loci.

313 972 347 1042 41
372 965 533 1028 Feriaiii.
557 964 600 1027 de
627 975 744 1029 sancto
765 964 955 1028 Valentino.
1002 965 1234 1029 Inuitatorium
1259 967 1412 1050 simplex,
1428 969 1469 1031 iii.

270 1053 428 1117 lectiones
444 1072 519 1116 cum
537 1061 709 1115 nocturno.
755 1051 948 1135 Capitulum
964 1052 1031 1115 Iste
1044 1060 1183 1115 sanctus.

271 1259 293 1323 d
313 1173 467 1322 sterila
479 1173 541 1236 iiii.
554 1175 596 1237 de
613 1172 700 1237 feria
740 1172 964 1255 Responsoria
979 1173 1022 1235 de
1037 1174 1143 1255 primo
1159 1184 1321 1237 nocturno
1337 1174 1471 1238 historie

295 1279 439 1324 omrnrca
452 1280 488 1322 rs.

312 1386 346 1456 ἦ
370 1379 466 1442 Feria
488 1402 525 1443 ‚n
547 1381 589 1443 de
607 1388 724 1443 sancta
754 1379 884 1443 Iuliana
906 1378 1042 1463 virgine,
1061 1380 1293 1443 Inuitatorium
1318 1380 1473 1465 simplex,

271 1487 348 1531 cum
365 1476 535 1531 nocturno.

312 1594 346 1664 ΕΙ
370 1587 466 1651 Feria
496 1589 544 1651 .vi.
576 1588 618 1650 de
649 1585 750 1664 seria,¹
781 1594 815 1650 et
845 1586 913 1649 duo
944 1585 1069 1649 ferialia
1096 1587 1321 1670 Responsoria
1351 1588 1474 1671 pariter

270 1684 455 1739 cantentur.
1131 1682 1135 1691 '

312 1800 347 1871 ([
370 1794 529 1870 Sabbato,
559 1795 602 1857 de
631 1803 749 1858 sancta
787 1793 928 1857 Maria*
963 1793 1031 1857 Vbi
1062 1793 1145 1858 fiunt
1176 1804 1242 1860 tres
1272 1816 1473 1860 commemo·

270 1883 424 1957 rationes,
441 1882 474 1944 in
491 1882 554 1945 iiii.
570 1880 652 1945 seria
668 1879 738 1946 fiet²
753 1901 820 1944 vna
835 1881 1117 1945 commemoratio.

271 2011 339 2066 Feb.
356 2006 410 2079 19·]
445 2009 479 2079 ἦ
503 2001 680 2064 Dominica
696 2002 728 2064 in
745 2001 809 2077 .lx.,
825 2010 898 2064 tota
913 2009 1065 2065 cantetur
1080 2001 1223 2065 historia

312 2134 347 2203 {1
370 2125 467 2190 Feria
483 2122 522 2185 ii.
538 2123 581 2185 de
597 2121 694 2184 seriis.
740 2120 845 2183 Missa
863 2120 965 2185 Salus
971 2122 1093 2203 populi.

313 2254 347 2324 ἦ
371 2245 467 2309 Feria
482 2244 532 2306 iii.
548 2243 591 2305 de
606 2241 691 2305 sesto
706 2240 780 2306 loci.

311 2492 346 2563 ([
369 2486 466 2550 Feria
482 2506 518 2559 .v.
535 2483 577 2546 de
600 2481 696 2560 feriis,
720 2484 821 2547 missa
843 2483 899 2546 ³de
922 2482 1096 2546 dominica
1143 2481 1296 2564 Epistola
1315 2493 1349 2546 et
1372 2504 1473 2547 euan-

268 2573 406 2659 gelium⁴
421 2571 484 2635 ‚iiii
500 2570 586 2633 ferie.

311 2701 345 2771 41
369 2692 513 2758 Sanctus
531 2690 676 2754 Mathias
691 2689 863 2773 apostolus
879 2710 945 2753 non
961 2689 1062 2752 habet
1075 2688 1229 2771 vigiliam,
1242 2689 1303 2752 nisi
1314 2688 1469 2752 ieiunium

268 2790 410 2853 tantum,
427 2780 459 2842 in
475 2777 613 2841 ecclesia
629 2778 757 2843 Sarum.

311 2907 345 2977 41
369 2899 464 2962 Feria
479 2900 527 2962 .vi.
544 2898 586 2960 de
602 2908 719 2961 sancto
736 2895 873 2971 Mathia,
890 2895 1024 2959 inferius
1046 2896 1182 2980 duplex.
1227 2896 1285 2959 Ad
1308 2897 1470 2961 secundas

268 3007 432 3069 vesperas,
448 2984 634 3069 antiphona
651 2984 721 3047 Sub
736 2994 836 3059 tuam,
852 2983 1039 3047 solenniter.

312 3114 346 3184 41
370 3106 529 3183 Sabbato,
560 3106 602 3168 de
632 3114 749 3169 sancta
780 3104 895 3167 Maria.
954 3103 1020 3167 Vbi
1052 3102 1137 3168 fiunt
1166 3113 1233 3168 tres
1270 3124 1471 3168 commemo·

268 3196 421 3269 rationes,
437 3194 470 3256 in
487 3194 525 3256 ii.
542 3192 621 3255 feria
637 3189 706 3256 fiet²
721 3211 786 3255 vna
801 3191 1083 3255 commemoratio.

312 3321 347 3392 ([
372 3315 410 3377 ln
440 3333 530 3376 anno
559 3312 715 3387 bisextili,
748 3311 788 3375 ln
818 3311 960 3375 sabbato
989 3311 1051 3374 erit
1081 3310 1256 3374 seruitium
1286 3311 1329 3374 de
1355 3320 1471 3376 sancto

271 3402 408 3475 Mathia,
426 3402 472 3464 Et
488 3402 518 3464 in
530 3399 578 3463 .vi.
591 3399 671 3462 seria
686 3400 728 3462 de
743 3407 859 3461 sancta
876 3397 992 3460 Maria.
1038 3397 1084 3461 Et
1099 3410 1178 3461 tunc
1194 3398 1237 3461 ab
1253 3397 1315 3460 hoc
1331 3398 1471 3462 sabbato

267 3508 371 3572 vsque
387 3489 430 3552 ad
447 3487 691 3551 inchoationem
715 3485 851 3549 historie
895 3484 936 3547 In
945 3485 1106 3566 princzpio
1120 3485 1301 3568 accipiatur
1315 3495 1470 3568 quartum

272 3576 303 3640 G
318 3596 379 3658 pro
395 3575 504 3638 littera
519 3573 718 3649 dominicali,
734 3583 768 3635 et
784 3571 956 3635 inchoetur
970 3572 1013 3635 ad
1029 3571 1230 3635 dominicam
1247 3572 1280 3635 in
1301 3571 1472 3656 Quinqua-

269 3682 404 3747 gesrma

269 3789 337 3844 Feb.
351 3784 407 3857 26.]
441 3789 476 3858 (Ι
499 3781 677 3845 Dominica
693 3781 726 3842 in
742 3779 779 3857 .l.,
795 3787 868 3844 tota
882 3788 1035 3843 cantetur
1050 3779 1194 3843 historia

310 3913 345 3982 (Ι
368 3906 397 3969 F
397 3904 465 3968 eria
480 3904 518 3966 .ii.
535 3904 577 3966 de
593 3901 678 3964 festo
692 3899 765 3964 loci.

311 4032 345 4102 11
369 4026 466 4090 Feria
480 4023 530 4087 iii.
546 4023 589 4089 de
605 4031 721 4085 sancta
738 4021 853 4084 Maria

301 4389 309 4420 ¹
327 4389 411 4440 feriis:
428 4400 470 4452 97,
482 4402 523 4438 01.
694 4384 705 4416 ⁹
722 4385 782 4436 fratr
800 4384 840 4447 87,
854 4384 894 4435 88.
1091 4383 1144 4422 ³-⁴
1160 4402 1207 4436 om.
1221 4403 1227 4434 ε
1246 4385 1286 4447 87,
1300 4385 1339 4435 88.
