3330 5218
474 421 665 485 QUARTUM
682 423 716 471 A.
750 421 816 471 xvii.
835 422 907 470 xiiii.
925 422 963 471 xi.
982 423 1018 472 vi.
1038 424 1079 472 iii.
1356 426 1386 478 81

224 585 259 656 ([
282 578 380 642 Feria
401 576 465 641 .iiii.
490 576 521 639 in
548 575 658 658 capite
682 574 803 647 ieiunii,
830 582 939 638 totum
963 575 1007 638 de
1030 575 1117 640 seria
1166 577 1221 641 Ab
1248 578 1310 643 hac
1333 581 1387 644 die

94 662 102 681 '
181 686 286 751 vsque
308 666 351 729 ad
375 674 530 728 octauam
553 663 657 727 Pasce
681 659 761 724 nihil
788 659 847 724 fiat
872 664 915 724 de
937 660 1034 726 lesto¹
1050 664 1101 726 .iii.
1119 663 1298 731 lectionum
1326 670 1387 731 nisi

181 764 312 819 tantum
329 752 488 815 memoria
502 750 545 814 ad
561 769 716 832 vesperas
733 751 779 812 et²
794 749 974 812 matutinas
990 750 1088 815 beate
1104 752 1220 818 Marie.

224 882 258 952 ἦ
282 874 380 938 Feria
394 895 432 936 .v.
447 872 490 935 de
505 881 623 934 sancto
640 869 762 942 Dauid,
778 869 823 932 ix.
839 867 1019 934 lectiones³

224 1000 258 1070 41
283 993 381 1057 Feria
395 993 445 1056 .vi.
461 992 504 1054 de
519 999 639 1054 sancto
654 989 780 1065 Cedda,
796 989 841 1051 ise
857 987 1039 1053 lectiones.⁴

225 1120 259 1190 ΕΙ
283 1113 434 1179 Sabbato
470 1111 600 1175 dicatur
636 1110 779 1192 primum
820 1109 1081 1191 Responsorium
1128 1112 1271 1190 historie,
1308 1136 1386 1180 cum

183 1202 315 1266 duobus
332 1197 565 1282 Responsoriis
582 1196 759 1262 ferialibus.

185 1325 285 1381 March
301 1320 338 1395 5.]
372 1325 407 1396 ([
429 1319 608 1383 Dominica
623 1319 651 1382 .i.
667 1317 930 1400 quadragesime,
947 1327 1019 1382 tota
1034 1319 1154 1383 dicitur
1168 1321 1313 1386 historia.

225 1568 260 1639 ([
283 1559 463 1626 Dominica
477 1559 517 1622 .ii.
533 1556 794 1641 quadragesime,
810 1567 883 1621 tota
898 1559 1017 1623 dicitur
1031 1559 1176 1625 historia

225 1689 260 1760 ([
284 1683 422 1746 Festum
438 1679 543 1743 sancti
571 1677 720 1763 Gregorii
745 1677 918 1742 differatur
942 1679 974 1742 in
998 1681 1188 1745 crastinum.
1233 1682 1290 1746 Ad
1314 1704 1387 1747 ves·

184 1791 280 1854 peras
295 1769 402 1833 sancti
419 1767 569 1849 Gregorii
585 1766 645 1829 fiat
658 1765 804 1828 solennis
821 1767 980 1830 memoria
995 1766 1038 1830 de
1052 1768 1227 1833 dominica

225 1897 260 1968 ([
284 1891 380 1954 Feria
403 1888 443 1952 .ii.
466 1887 508 1951 de
529 1897 648 1950 sancto
671 1886 839 1969 Gregorio,
855 1886 991 1951 inferius
1012 1888 1149 1971 duplex.
1194 1890 1386 1974 Capitulum

184 1979 264 2043 Ecce
277 1976 431 2053 sacerdos,
447 1976 492 2039 ix.
508 1973 674 2051 lectiones,
691 1973 762 2036 sine
776 1974 996 2056 expositione

216 2112 267 2256 {s
285 2105 380 2206 [feria
395 2126 433 2167 .v.
449 2103 570 2166 dicitur
591 2101 735 2185 primum
760 2102 1022 2185 Responsorium
1045 2103 1166 2180 feriale,
1182 2116 1217 2170 et
1238 2104 1329 2169 aliud
1354 2107 1387 2170 in

183 2215 234 2259 .vr.
263 2212 339 2256 erra

227 2320 262 2391 ([
285 2310 444 2385 Sabbato,
467 2310 510 2373 de
540 2319 658 2374 sancto
685 2308 861 2385 Edwardo,
888 2309 943 2374 .ix.
970 2309 1136 2375 lectiones.
1193 2313 1386 2396 Capitulum

185 2403 308 2466 Beatus
321 2399 378 2463 vir
390 2398 450 2480 qui
462 2397 498 2461 in
512 2396 680 2478 sapientia
726 2397 987 2479 Responsorium
998 2398 1109 2475 Pater,
1118 2401 1252 2481 peccaui
1264 2414 1389 2485 preter-

185 2491 338 2552 mittatur
353 2487 417 2549 isto
431 2504 530 2548 anno
585 2483 643 2547 Ad
660 2503 815 2567 vesperas
831 2484 874 2546 de
888 2484 1064 2561 dominica,
1080 2485 1139 2550 fiat
1162 2491 1323 2552 memoria
1345 2489 1389 2553 de

185 2584 303 2638 sancto
319 2571 496 2637 Edwardo.

188 2754 288 2808 March
305 2748 358 2821 19]
386 2707 421 2802 ([
444 2698 622 2800 Dominica
644 2698 695 2763 .iii.
711 2700 973 2798 quadragesime,
991 2698 1121 2801 [eviii]
1144 2711 1216 2766 tota
1237 2714 1391 2768 cantetur

187 2874 347 2940 memoria
362 2784 646 2939 ἀξιὲΐηῗῖᾞῖειΑὰ
668 2806 793 2869 pssmas
816 2806 971 2870 vesperas
996 2797 1103 2852 sanem
1126 2789 1312 2867 Cuthberti‚
1329 2791 1389 2857 fiat

228 3009 263 3080 {1
285 3002 383 3067 Feria
396 3002 436 3067 .ii.
453 3002 496 3066 de
510 3009 628 3065 sancto
644 3000 838 3077 Cuthberto,
854 3001 909 3065 .ix.
925 3001 1092 3067 lectiones.

229 3138 263 3208 ΕΙ
287 3131 384 3195 Feria
409 3130 461 3195 .iii.
485 3131 528 3193 de
554 3138 670 3193 sancto
698 3130 888 3203 Benedicto,
913 3130 968 3194 .ix.
984 3130 1151 3196 lectiones.
1199 3134 1238 3197 In
1255 3156 1292 3198 .v.
1308 3118 1389 3199 leria

185 3218 307 3283 dicitur
332 3219 476 3301 primum
504 3218 764 3300 Responsorium
791 3215 911 3294 feriale,
938 3226 972 3281 et
995 3218 1029 3280 in
1055 3219 1106 3283 .vi.
1128 3220 1210 3284 seria
1235 3221 1391 3285 dicuntur

185 3308 254 3369 duo
270 3305 494 3389 Responsoria
509 3303 643 3367 ferialia.

229 3440 263 3510 ΕΙ
286 3433 444 3511 Sabbato,
475 3434 595 3497 festum
625 3432 906 3496 Annunciationis
935 3435 1032 3498 beate
1063 3435 1177 3499 Marie.
1222 3428 1390 3500 Secunde³

185 3541 321 3604 vespere
347 3532 445 3584 erunt
469 3522 513 3584 de
537 3520 630 3593 festu,
645 3530 679 3584 et
704 3519 878 3583 memorial
901 3520 944 3583 de
967 3520 1144 3587 dominica.
1192 3522 1306 3586 Gloria
1328 3524 1393 3586 tibi

186 3607 329 3671 Domine
340 3610 401 3690 qui
420 3616 519 3670 natus
538 3627 573 3669 es
593 3607 633 3670 de
653 3606 783 3688 virgine
803 3606 925 3670 dicitur
944 3608 976 3670 in
999 3617 1140 3691 vtroque
1164 3609 1389 3692 completori0,

186 3705 222 3757 et
237 3696 279 3758 ad
295 3704 472 3777 vtrumque
487 3693 740 3778 completorium
767 3693 953 3778 pulsabitur
966 3714 1042 3758 cum
1065 3694 1195 3759 duabus
1217 3697 1390 3781 campanis

187 3783 371 3845 secundum
387 3782 537 3846 ordinale
553 3781 696 3847 Sarum!

222 4079 231 4110 ¹
248 4079 333 4130 sestis:
350 4078 391 4141 87,
404 4080 444 4130 88.
869 4080 881 4111 ²
897 4081 983 4132 etad:
1001 4080 1042 4143 87,
1054 4080 1095 4132 88.

220 4143 231 4175 ³
248 4145 336 4195 Oratio
347 4156 372 4195 et
382 4156 465 4195 cetera
475 4145 507 4196 de
518 4147 660 4198 communi:
677 4147 734 4198 adil.
747 4157 789 4209 97,
801 4160 842 4197 01.

219 4209 302 4260 ⁴‘l'he
324 4211 412 4261 Samm
435 4211 552 4275 Breviary
573 4228 641 4262 more
668 4214 789 4277 correctly
815 4210 1029 4272 (dxxxi-dxxxiv),
1052 4212 1169 4262 transfers
1196 4213 1234 4264 St.
1259 4214 1342 4264 David
1364 4224 1391 4265 to

186 4275 448 4402 {Pidff’phmehffi
457 4294 465 4337 ς
482 4277 533 4327 and
549 4277 587 4327 St.
601 4277 674 4327 Chsd
691 4278 798 4328 remains
808 4293 842 4328 on
861 4277 900 4327 his
916 4293 974 4327 own
990 4277 1048 4342 day,
1062 4277 1150 4327 March
1159 4277 1217 4328 and
1253 4278 1293 4329 Cl.
1315 4281 1392 4330 Crede

219 4357 242 4390 rc
260 4358 279 4401 ι,
332 4354 347 4390 2
387 4378 394 4390 .

220 4404 231 4435 ⁸
247 4416 272 4455 et
281 4353 358 4469 hesir}
367 4356 494 4457 iecunde:
511 4407 554 4468 87,
566 4406 606 4457 88
855 4404 867 4437 ⁸
882 4406 1010 4458 solennis:
1027 4408 1083 4457 adit
1097 4417 1138 4471 97,
1151 4419 1191 4458 οι.

221 4469 231 4502 ⁷
248 4471 287 4520 Cl.
304 4473 378 4520 Crede
388 4473 427 4522 M.
441 4474 455 4531 5
467 4483 508 4536 75,
521 4489 545 4538 p
559 4473 600 4534 48.

278 4551 359 4601 PtCA
382 4551 519 4603 SARUM.
1237 4554 1261 4604 G
