3316 5220
301 466 349 517 294
608 452 903 519 ιΒΙΙΒΕΟΤΟᾸἸΙΙΜ
931 454 1198 507 SACERDOTUM.

342 606 498 758 l(lFeria
513 606 552 672 .ii.
567 608 611 671 de
634 605 722 670 seria.
769 606 996 691 Responsoria
1011 607 1145 691 Dignus
1158 630 1198 673 es.
1245 608 1352 672 Missa
1367 609 1515 673 domini·

301 715 340 758 ca
355 715 389 758 rs.

321 806 498 956 hffl‘ia
519 805 570 870 iii.
593 805 637 870 de
660 815 777 870 sancto
800 805 936 870 Vitale:
969 815 1035 869 tres
1061 805 1220 870 lectiones
1245 826 1322 872 cum
1350 808 1516 891 regimine
1623 886 1624 903 ἢ

302 915 320 957 c
345 914 402 958 on.
1623 924 1624 933 ,

345 1012 379 1082 (l
403 1005 500 1069 Feria
521 1005 584 1069 iiii.
607 1004 650 1069 de
676 1005 764 1069 seria.
815 1005 1042 1088 Responsoria
1075 1006 1156 1070 Vidi
1168 1016 1310 1088 portam.
1357 1007 1517 1091 Epistola

302 1102 336 1158 et
352 1092 564 1176 euangelium
580 1092 624 1156 de
638 1091 778 1156 eadem.¹

345 1211 380 1281 ([
403 1204 501 1269 Feria
515 1226 553 1269 .v.
568 1204 612 1269 de
627 1203 713 1269 sesto
729 1203 799 1267 loci.

346 1323 381 1393 (l
403 1316 501 1381 Feria
531 1315 580 1380 .vi.
611 1317 654 1381 de
684 1315 871 1399 apostolis?
904 1315 1044 1379 Inferius
1076 1314 1212 1400 duplex.
1259 1316 1316 1381 Ad
1346 1337 1520 1400 vesperas,

303 1404 490 1489 antiphona
507 1402 577 1468 Sub
592 1412 684 1467 tuam
700 1401 888 1468 solenniter.

346 1522 381 1592 (l
402 1514 563 1593 Sabbato‚
577 1515 621 1579 de
635 1524 751 1579 sancta
767 1515 884 1580 Maria

347 1635 381 1705 (ἶ
404 1627 471 1692 Vbi
488 1625 572 1692 fiunt
587 1636 654 1690 tres
669 1627 1014 1703 commemorationes,
1030 1627 1063 1690 in
1084 1627 1148 1691 iiii.
1164 1626 1245 1690 seria
1268 1625 1326 1691 liat
1340 1647 1408 1690 vna
1422 1647 1520 1692 com·

305 1714 510 1780 memoratio.
541 1714 588 1779 Et
600 1715 731 1779 tuncin.
742 1715 772 1779 ii.
785 1714 865 1778 seria
875 1713 995 1778 dicitur
1007 1714 1271 1797 Responsorium
1292 1712 1519 1795 Vidipmam.

350 1802 406 1867 Ad
433 1821 589 1886 vesperas
619 1803 662 1865 de
692 1801 807 1877 Cruce,
834 1801 980 1865 solennis
1012 1802 1173 1865 memoria
1202 1803 1245 1865 de
1277 1801 1499 1884 martyribusl
1511 1823 1520 1879 ;

305 1889 429 1954 deinde
443 1888 487 1953 de
502 1888 680 1965 dominica,
695 1898 730 1953 et
745 1888 913 1972 processio
928 1897 1008 1951 ante
1027 1907 1168 1952 crucem.

482 2006 516 2076 (Ι
539 2000 719 2064 Dominica
757 1999 819 2064 iiii.
862 2008 938 2082 post
970 2000 1083 2076 Pasca,
1106 2010 1214 2064 totum
1239 2001 1282 2064 de
1315 2001 1521 2065 Inuentione

309 2050 368 2106 Mai
381 2048 419 2121 3⁸]
483 2086 608 2152 Sancte
622 2087 757 2153 Crucis:
781 2087 890 2150 minus
902 2086 1038 2170 duplex.
1077 2087 1134 2151 Ad
1147 2087 1339 2164 matutinas,
1354 2090 1523 2152 memoria

307 2174 349 2237 de
381 2173 614 2258 martyribus⁴z
652 2172 853 2257 Antiphona
874 2173 953 2236 Lux
971 2184 1128 2256 perpetua
1165 2175 1295 2239 minor:
1332 2175 1522 2239 versiculus

310 2259 461 2325 Gaudete.
521 2261 655 2324 Deinde
684 2263 728 2326 de
756 2260 944 2325 dominica:
977 2260 1037 2323 sed
1070 2261 1162 2325 nulla
1196 2260 1254 2325 fiat
1280 2262 1444 2325 memoria
1475 2263 1522 2326 de

308 2347 565 2412 resurrectione:
602 2350 650 2412 ⁶et
679 2348 847 2433 processio
872 2356 951 2411 ante
977 2368 1117 2412 crucem.
1183 2348 1351 2413 Secunde⁸
1376 2368 1522 2433 vespere

306 2443 404 2498 erunt
418 2435 462 2500 de
478 2435 572 2511 sesto,
587 2445 622 2499 et
637 2435 799 2499 memoria
814 2436 857 2499 de
872 2433 1048 2498 dominica.

350 2552 385 2622 (l
409 2547 506 2611 Feria
527 2546 566 2612 .ii.
589 2548 632 2612 de
655 2546 744 2612 seria
790 2546 1016 2632 Responsoria
1035 2546 1199 2613 Narrabo.
1245 2547 1351 2612 Missa
1373 2548 1522 2613 domini·

308 2632 395 2698 calis.

350 2752 384 2822 01
409 2747 505 2811 Feria
520 2746 571 2812 ,iii
588 2747 630 2811 de
645 2746 732 2811 sesto
747 2747 818 2811 loci.

307 2946 439 3031 triplex.

351 3065 385 3135 (Ι
408 3058 506 3123 Feria
528 3080 565 3123 .v.
588 3059 632 3122 de
650 3067 768 3123 sancto
797 3057 948 3123 Iohanne
966 3059 1008 3122 de
1032 3058 1233 3123 Beuerlaco:
1256 3069 1323 3124 tres
1350 3059 1523 3138 lectiones,

309 3167 384 3211 cum
401 3147 563 3230 regimine
577 3145 677 3210 chori.

353 3266 387 3335 (I
412 3258 509 3323 Feria
523 3258 571 3323 ,vi
587 3258 630 3323 de
646 3256 734 3323 seria.
781 3259 1007 3342 Responsoria
1023 3258 1203 3340 Hymnum.

353 3378 388 3448 ([
411 3371 571 3450 Sabbato,
586 3372 630 3435 de
645 3380 761 3435 sancta
778 3371 895 3436 Maria

354 3490 389 3560 ([
411 3484 480 3548 Vbi
505 3480 590 3547 fiunt
620 3492 687 3547 tres
721 3483 1067 3562 commemorationes,
1100 3483 1133 3547 in
1165 3484 1213 3548 ,vi
1249 3483 1329 3548 seria
1361 3482 1419 3549 fiat
1454 3507 1523 3550 vna

312 3570 595 3719 commemofpatio.
656 3571 713 3634 Ad
743 3590 910 3655 vesperas,
947 3571 1108 3635 memoria
1144 3572 1187 3635 de
1224 3572 1448 3654 martyribus,i
1490 3582 1524 3637 et

312 3677 479 3742 processio
519 3666 561 3721 at.

316 3820 374 3875 M.
489 3774 523 3844 (l
546 3768 725 3833 Dominica
754 3791 801 3844 .v.,
831 3778 940 3834 totum
978 3770 1021 3833 de
1054 3768 1230 3833 dominica.
1290 3770 1327 3832 In
1367 3769 1523 3836 laudibus

317 3860 325 3874 ’
349 3837 375 3876 ³¹
393 3817 445 3890 ω’]
490 3875 607 3919 omnes
622 3854 806 3939 antiphone
820 3858 998 3933 dicuntur,l
1012 3866 1047 3921 et
1063 3858 1223 3920 memoria
1238 3857 1281 3920 de
1297 3858 1525 3939 martyribus‚⁷

313 3944 406 4007 etde
422 3944 666 4007 resurrectione.

349 4310 355 4341 ¹
373 4311 452 4362 feria:
469 4313 526 4363 add.
540 4311 579 4362 88.
1034 4312 1046 4343 l
1062 4314 1109 4364 SS.
1124 4313 1241 4378 Philippo
1251 4322 1277 4364 et
1289 4314 1391 4363 Iacobo.

348 4377 360 4407 ³
375 4377 422 4428 SS.
436 4377 590 4437 Alexandro,
604 4377 712 4429 Euenlio
723 4387 748 4428 et
763 4376 913 4428 Theodulio.
1036 4377 1048 4408 ⁴
1064 4379 1110 4429 SS.
1129 4378 1285 4438 Alexandro,
1297 4390 1344 4429 etc.

348 4440 402 4479 ⁶—⁶
417 4458 464 4492 om.
481 4441 522 4504 87,
535 4441 575 4492 88.
1035 4440 1047 4474 θ
1061 4453 1120 4494 ante
1131 4453 1195 4509 port.
1209 4443 1280 4495 latin.

348 4505 359 4538 ²
376 4507 424 4558 SS.
438 4507 576 4567 Gordiano,
589 4515 637 4559 etc.
1038 4507 1049 4541 ⁸
1064 4509 1194 4559 dicuntur:
1213 4507 1253 4558 88.
