<?xml version="1.0" encoding="UTF-8"?>
<!DOCTYPE html PUBLIC "-//W3C//DTD XHTML 1.0 Transitional//EN"
    "http://www.w3.org/TR/xhtml1/DTD/xhtml1-transitional.dtd">
<html xmlns="http://www.w3.org/1999/xhtml" xml:lang="en" lang="en">
 <head>
  <title>
</title>
<meta http-equiv="Content-Type" content="text/html;charset=utf-8" />
  <meta name='ocr-system' content='tesseract 3.04.00' />
  <meta name='ocr-capabilities' content='ocr_page ocr_carea ocr_par ocr_line ocrx_word'/>
</head>
<body>
  <div class='ocr_page' id='page_1' title='image "./ordinalesarvmsi00cathgoog/ordinalesarvmsi00cathgoog_0414.png"; bbox 0 0 3316 5220; ppageno 0'>
   <div class='ocr_carea' id='block_1_1' title="bbox 222 454 1388 691">
    <p class='ocr_par' dir='ltr' id='par_1_1' title="bbox 222 454 1388 691">
     <span class='ocr_line' id='line_1_1' title="bbox 494 454 1388 518; baseline -0.001 -15"><span class='ocrx_word' id='word_1_1' title='bbox 494 454 671 504; x_wconf 78' lang='lat' dir='ltr'><em>TERCIUM</em></span> <span class='ocrx_word' id='word_1_2' title='bbox 683 454 718 503; x_wconf 89' lang='lat' dir='ltr'>D.</span> <span class='ocrx_word' id='word_1_3' title='bbox 753 455 830 503; x_wconf 72' lang='lat' dir='ltr'>aviii.</span> <span class='ocrx_word' id='word_1_4' title='bbox 843 470 887 502; x_wconf 78' lang='lat' dir='ltr'>xv.</span> <span class='ocrx_word' id='word_1_5' title='bbox 900 454 950 502; x_wconf 76' lang='lat' dir='ltr'>xit&#39;.</span> <span class='ocrx_word' id='word_1_6' title='bbox 964 454 1010 504; x_wconf 67' lang='grc' dir='ltr'>υἰέ.</span> <span class='ocrx_word' id='word_1_7' title='bbox 1025 454 1075 503; x_wconf 74' lang='lat' dir='ltr'>itit</span> <span class='ocrx_word' id='word_1_8' title='bbox 1341 465 1388 518; x_wconf 82' lang='lat'>295</span> 
     </span>
     <span class='ocr_line' id='line_1_2' title="bbox 222 606 1302 691; baseline -0.001 -19"><span class='ocrx_word' id='word_1_9' title='bbox 222 614 258 685; x_wconf 98' lang='grc' dir='ltr'>(Ι</span> <span class='ocrx_word' id='word_1_10' title='bbox 281 608 379 672; x_wconf 88' lang='lat' dir='ltr'>Feria</span> <span class='ocrx_word' id='word_1_11' title='bbox 393 606 431 672; x_wconf 82' lang='lat' dir='ltr'>‚it</span> <span class='ocrx_word' id='word_1_12' title='bbox 448 607 670 691; x_wconf 85' lang='lat' dir='ltr'>rogationum,</span> <span class='ocrx_word' id='word_1_13' title='bbox 684 606 727 670; x_wconf 90' lang='lat' dir='ltr'>de</span> <span class='ocrx_word' id='word_1_14' title='bbox 742 606 831 670; x_wconf 84' lang='lat' dir='ltr'>feria</span> <span class='ocrx_word' id='word_1_15' title='bbox 877 606 1104 690; x_wconf 89' lang='lat' dir='ltr'>Responsoria</span> <span class='ocrx_word' id='word_1_16' title='bbox 1118 607 1233 671; x_wconf 79' lang='lat' dir='ltr'>Deduc</span> <span class='ocrx_word' id='word_1_17' title='bbox 1246 628 1302 672; x_wconf 76' lang='lat' dir='ltr'>mo</span> 
     </span>
    </p>
   </div>
   <div class='ocr_carea' id='block_1_2' title="bbox 178 739 1386 892">
    <p class='ocr_par' dir='ltr' id='par_1_2' title="bbox 178 739 1386 892">
     <span class='ocr_line' id='line_1_3' title="bbox 222 739 1386 824; baseline 0.001 -20"><span class='ocrx_word' id='word_1_18' title='bbox 222 746 257 816; x_wconf 93' lang='grc' dir='ltr'>(Ι</span> <span class='ocrx_word' id='word_1_19' title='bbox 279 740 378 804; x_wconf 87' lang='lat' dir='ltr'>Feria</span> <span class='ocrx_word' id='word_1_20' title='bbox 400 740 451 805; x_wconf 82' lang='lat' dir='ltr'>iii.</span> <span class='ocrx_word' id='word_1_21' title='bbox 485 741 528 803; x_wconf 88' lang='lat' dir='ltr'>de</span> <span class='ocrx_word' id='word_1_22' title='bbox 554 748 671 804; x_wconf 87' lang='lat' dir='ltr'>sancta</span> <span class='ocrx_word' id='word_1_23' title='bbox 697 739 814 819; x_wconf 85' lang='lat' dir='ltr'>Maria,</span> <span class='ocrx_word' id='word_1_24' title='bbox 838 748 873 803; x_wconf 92' lang='lat' dir='ltr'>et</span> <span class='ocrx_word' id='word_1_25' title='bbox 898 739 1059 804; x_wconf 91' lang='lat' dir='ltr'>memoria</span> <span class='ocrx_word' id='word_1_26' title='bbox 1089 739 1132 804; x_wconf 91' lang='lat' dir='ltr'>de</span> <span class='ocrx_word' id='word_1_27' title='bbox 1162 741 1386 824; x_wconf 87' lang='lat' dir='ltr'>martyribus,¹</span> 
     </span>
     <span class='ocr_line' id='line_1_4' title="bbox 178 828 532 892; baseline -0.003 0"><span class='ocrx_word' id='word_1_28' title='bbox 178 838 213 892; x_wconf 87' lang='lat' dir='ltr'>et</span> <span class='ocrx_word' id='word_1_29' title='bbox 228 829 271 892; x_wconf 92' lang='lat' dir='ltr'>de</span> <span class='ocrx_word' id='word_1_30' title='bbox 286 828 532 891; x_wconf 90' lang='lat' dir='ltr'>resurrectione.</span> 
     </span>
    </p>
   </div>
   <div class='ocr_carea' id='block_1_3' title="bbox 178 958 1385 1131">
    <p class='ocr_par' dir='ltr' id='par_1_3' title="bbox 178 958 1385 1131">
     <span class='ocr_line' id='line_1_5' title="bbox 219 958 1385 1044; baseline -0.002 -18"><span class='ocrx_word' id='word_1_31' title='bbox 219 967 255 1038; x_wconf 99' lang='grc' dir='ltr'>(Ι</span> <span class='ocrx_word' id='word_1_32' title='bbox 277 961 503 1026; x_wconf 77' lang='lat' dir='ltr'>Feriaiii&#39;ude</span> <span class='ocrx_word' id='word_1_33' title='bbox 519 959 608 1025; x_wconf 85' lang='lat' dir='ltr'>feria</span> <span class='ocrx_word' id='word_1_34' title='bbox 655 959 917 1043; x_wconf 88' lang='lat' dir='ltr'>Responsorium</span> <span class='ocrx_word' id='word_1_35' title='bbox 928 958 1106 1024; x_wconf 81' lang='lat' dir='ltr'><em>Narrabo:</em></span> <span class='ocrx_word' id='word_1_36' title='bbox 1122 961 1385 1044; x_wconf 89' lang='lat' dir='ltr'>Responsorium</span> 
     </span>
     <span class='ocr_line' id='line_1_6' title="bbox 178 1047 859 1131; baseline -0.003 -19"><span class='ocrx_word' id='word_1_37' title='bbox 178 1047 222 1112; x_wconf 83' lang='lat' dir='ltr'>In</span> <span class='ocrx_word' id='word_1_38' title='bbox 237 1058 324 1113; x_wconf 83' lang='lat' dir='ltr'>toto:</span> <span class='ocrx_word' id='word_1_39' title='bbox 348 1048 611 1131; x_wconf 75' lang='lat' dir='ltr'>Responsorium</span> <span class='ocrx_word' id='word_1_40' title='bbox 626 1047 754 1110; x_wconf 82' lang='lat' dir='ltr'><em>Dicant</em></span> <span class='ocrx_word' id='word_1_41' title='bbox 767 1068 859 1111; x_wconf 88' lang='lat' dir='ltr'>nunc.</span> 
     </span>
    </p>
   </div>
   <div class='ocr_carea' id='block_1_4' title="bbox 178 1177 1385 1437">
    <p class='ocr_par' dir='ltr' id='par_1_4' title="bbox 178 1177 1385 1437">
     <span class='ocr_line' id='line_1_7' title="bbox 220 1177 1385 1257; baseline -0.002 -13"><span class='ocrx_word' id='word_1_42' title='bbox 220 1186 256 1257; x_wconf 98' lang='grc' dir='ltr'>(Ι</span> <span class='ocrx_word' id='word_1_43' title='bbox 277 1180 409 1244; x_wconf 84' lang='lat' dir='ltr'>Tamen</span> <span class='ocrx_word' id='word_1_44' title='bbox 424 1180 481 1244; x_wconf 88' lang='lat' dir='ltr'>vbi</span> <span class='ocrx_word' id='word_1_45' title='bbox 497 1177 581 1243; x_wconf 91' lang='lat' dir='ltr'>fiunt</span> <span class='ocrx_word' id='word_1_46' title='bbox 596 1192 664 1244; x_wconf 86' lang='lat' dir='ltr'>tres</span> <span class='ocrx_word' id='word_1_47' title='bbox 685 1179 1030 1257; x_wconf 85' lang='lat' dir='ltr'>commemorationes,</span> <span class='ocrx_word' id='word_1_48' title='bbox 1045 1179 1077 1242; x_wconf 90' lang='lat' dir='ltr'>in</span> <span class='ocrx_word' id='word_1_49' title='bbox 1094 1180 1133 1244; x_wconf 94' lang='lat' dir='ltr'>.ii.</span> <span class='ocrx_word' id='word_1_50' title='bbox 1149 1178 1230 1244; x_wconf 80' lang='lat' dir='ltr'>feria</span> <span class='ocrx_word' id='word_1_51' title='bbox 1253 1180 1385 1244; x_wconf 75' lang='lat' dir='ltr'>dicitur²</span> 
     </span>
     <span class='ocr_line' id='line_1_8' title="bbox 179 1264 1383 1351; baseline -0.002 -19"><span class='ocrx_word' id='word_1_52' title='bbox 179 1267 442 1351; x_wconf 88' lang='lat' dir='ltr'>Responsorium</span> <span class='ocrx_word' id='word_1_53' title='bbox 469 1266 664 1347; x_wconf 84' lang='lat' dir='ltr'>Hymnum:</span> <span class='ocrx_word' id='word_1_54' title='bbox 704 1266 743 1330; x_wconf 92' lang='lat' dir='ltr'>In</span> <span class='ocrx_word' id='word_1_55' title='bbox 769 1266 832 1330; x_wconf 83' lang='lat' dir='ltr'>iiii.</span> <span class='ocrx_word' id='word_1_56' title='bbox 857 1264 938 1330; x_wconf 83' lang='lat' dir='ltr'>seria</span> <span class='ocrx_word' id='word_1_57' title='bbox 960 1266 1094 1331; x_wconf 86' lang='lat' dir='ltr'>dicitur²</span> <span class='ocrx_word' id='word_1_58' title='bbox 1121 1267 1383 1351; x_wconf 87' lang='lat' dir='ltr'>Responsorium</span> 
     </span>
     <span class='ocr_line' id='line_1_9' title="bbox 178 1352 1056 1437; baseline -0.001 -18"><span class='ocrx_word' id='word_1_59' title='bbox 178 1353 294 1419; x_wconf 80' lang='lat' dir='ltr'><em>Deduc</em></span> <span class='ocrx_word' id='word_1_60' title='bbox 307 1375 357 1418; x_wconf 81' lang='lat' dir='ltr'>mo</span> <span class='ocrx_word' id='word_1_61' title='bbox 367 1378 379 1419; x_wconf 92' lang='lat'><em>:</em></span> <span class='ocrx_word' id='word_1_62' title='bbox 402 1353 449 1419; x_wconf 88' lang='lat' dir='ltr'>Et</span> <span class='ocrx_word' id='word_1_63' title='bbox 466 1353 728 1437; x_wconf 86' lang='lat' dir='ltr'>Responsorium</span> <span class='ocrx_word' id='word_1_64' title='bbox 746 1352 860 1417; x_wconf 80' lang='lat' dir='ltr'>feriale</span> <span class='ocrx_word' id='word_1_65' title='bbox 874 1354 1056 1418; x_wconf 89' lang='lat' dir='ltr'>omittatur.</span> 
     </span>
    </p>
   </div>
   <div class='ocr_carea' id='block_1_5' title="bbox 220 1485 1286 1570">
    <p class='ocr_par' dir='ltr' id='par_1_5' title="bbox 220 1485 1286 1570">
     <span class='ocr_line' id='line_1_10' title="bbox 220 1485 1286 1570; baseline 0 -19"><span class='ocrx_word' id='word_1_66' title='bbox 220 1493 256 1564; x_wconf 98' lang='grc' dir='ltr'>(Ι</span> <span class='ocrx_word' id='word_1_67' title='bbox 278 1487 376 1551; x_wconf 89' lang='lat' dir='ltr'>Feria</span> <span class='ocrx_word' id='word_1_68' title='bbox 390 1507 438 1564; x_wconf 86' lang='lat' dir='ltr'>.v.‚</span> <span class='ocrx_word' id='word_1_69' title='bbox 452 1487 525 1551; x_wconf 91' lang='lat' dir='ltr'>dies</span> <span class='ocrx_word' id='word_1_70' title='bbox 541 1485 757 1550; x_wconf 88' lang='lat' dir='ltr'>Ascensionis</span> <span class='ocrx_word' id='word_1_71' title='bbox 774 1486 934 1550; x_wconf 86' lang='lat' dir='ltr'>Domini:</span> <span class='ocrx_word' id='word_1_72' title='bbox 957 1486 1080 1551; x_wconf 78' lang='lat' dir='ltr'>festum</span> <span class='ocrx_word' id='word_1_73' title='bbox 1096 1485 1286 1570; x_wconf 83' lang='lat' dir='ltr'>principale.</span> 
     </span>
    </p>
   </div>
   <div class='ocr_carea' id='block_1_6' title="bbox 177 1616 1383 1771">
    <p class='ocr_par' dir='ltr' id='par_1_6' title="bbox 177 1616 1383 1771">
     <span class='ocr_line' id='line_1_11' title="bbox 219 1616 1383 1702; baseline 0 -19"><span class='ocrx_word' id='word_1_74' title='bbox 219 1625 255 1696; x_wconf 98' lang='grc' dir='ltr'>(Ι</span> <span class='ocrx_word' id='word_1_75' title='bbox 278 1619 376 1683; x_wconf 89' lang='lat' dir='ltr'>Feria</span> <span class='ocrx_word' id='word_1_76' title='bbox 396 1619 455 1694; x_wconf 75' lang='lat' dir='ltr'>ui,</span> <span class='ocrx_word' id='word_1_77' title='bbox 471 1627 506 1683; x_wconf 91' lang='lat' dir='ltr'>et</span> <span class='ocrx_word' id='word_1_78' title='bbox 520 1616 672 1697; x_wconf 90' lang='lat' dir='ltr'>sabbato,</span> <span class='ocrx_word' id='word_1_79' title='bbox 686 1617 730 1682; x_wconf 93' lang='lat' dir='ltr'>de</span> <span class='ocrx_word' id='word_1_80' title='bbox 744 1618 885 1683; x_wconf 84' lang='lat' dir='ltr'>seruicio</span> <span class='ocrx_word' id='word_1_81' title='bbox 899 1621 1118 1683; x_wconf 81' lang='lat' dir='ltr'>octauarum.⁸</span> <span class='ocrx_word' id='word_1_82' title='bbox 1162 1618 1219 1683; x_wconf 86' lang='lat' dir='ltr'>Ad</span> <span class='ocrx_word' id='word_1_83' title='bbox 1229 1638 1383 1702; x_wconf 87' lang='lat' dir='ltr'>vesperas</span> 
     </span>
     <span class='ocr_line' id='line_1_12' title="bbox 177 1706 454 1771; baseline -0.004 0"><span class='ocrx_word' id='word_1_84' title='bbox 177 1706 269 1771; x_wconf 90' lang='lat' dir='ltr'>nulla</span> <span class='ocrx_word' id='word_1_85' title='bbox 284 1706 454 1771; x_wconf 87' lang='lat' dir='ltr'>memoria.</span> 
     </span>
    </p>
   </div>
   <div class='ocr_carea' id='block_1_7' title="bbox 181 1837 1384 2003">
    <p class='ocr_par' dir='ltr' id='par_1_7' title="bbox 181 1837 1384 2003">
     <span class='ocr_line' id='line_1_13' title="bbox 181 1837 1384 1959; baseline -0.001 -57"><span class='ocrx_word' id='word_1_86' title='bbox 181 1888 240 1945; x_wconf 57' lang='lat' dir='ltr'>Mai</span> <span class='ocrx_word' id='word_1_87' title='bbox 256 1886 310 1959; x_wconf 33' lang='lat'>17⁰]</span> <span class='ocrx_word' id='word_1_88' title='bbox 353 1844 389 1915; x_wconf 98' lang='grc' dir='ltr'>(Ι</span> <span class='ocrx_word' id='word_1_89' title='bbox 410 1838 590 1940; x_wconf 72' lang='lat' dir='ltr'>Dominica</span> <span class='ocrx_word' id='word_1_90' title='bbox 635 1837 735 1938; x_wconf 38' lang='lat' dir='ltr'>infra·</span> <span class='ocrx_word' id='word_1_91' title='bbox 756 1847 893 1901; x_wconf 89' lang='lat' dir='ltr'>octauas</span> <span class='ocrx_word' id='word_1_92' title='bbox 932 1837 1157 1939; x_wconf 59' lang='lat' dir='ltr'>hscensionis,</span> <span class='ocrx_word' id='word_1_93' title='bbox 1195 1846 1303 1902; x_wconf 89' lang='lat' dir='ltr'>totum</span> <span class='ocrx_word' id='word_1_94' title='bbox 1342 1839 1384 1902; x_wconf 92' lang='lat' dir='ltr'>de</span> 
     </span>
     <span class='ocr_line' id='line_1_14' title="bbox 354 1925 967 2003; baseline -0.003 -12"><span class='ocrx_word' id='word_1_95' title='bbox 354 1926 531 2003; x_wconf 77' lang='lat' dir='ltr'>dominica,</span> <span class='ocrx_word' id='word_1_96' title='bbox 546 1935 581 1989; x_wconf 91' lang='lat' dir='ltr'>et</span> <span class='ocrx_word' id='word_1_97' title='bbox 597 1944 757 1989; x_wconf 85' lang='lat' dir='ltr'>memona</span> <span class='ocrx_word' id='word_1_98' title='bbox 772 1925 816 1988; x_wconf 92' lang='lat' dir='ltr'>de</span> <span class='ocrx_word' id='word_1_99' title='bbox 830 1934 967 1989; x_wconf 77' lang='lat' dir='ltr'>octaurs</span> 
     </span>
    </p>
   </div>
   <div class='ocr_carea' id='block_1_8' title="bbox 218 2056 1146 2142">
    <p class='ocr_par' dir='ltr' id='par_1_8' title="bbox 218 2056 1146 2142">
     <span class='ocr_line' id='line_1_15' title="bbox 218 2056 1146 2142; baseline -0.001 -20"><span class='ocrx_word' id='word_1_100' title='bbox 218 2064 254 2135; x_wconf 98' lang='grc' dir='ltr'>(Ι</span> <span class='ocrx_word' id='word_1_101' title='bbox 276 2058 374 2123; x_wconf 86' lang='lat' dir='ltr'>Feria</span> <span class='ocrx_word' id='word_1_102' title='bbox 388 2059 427 2123; x_wconf 82' lang='lat' dir='ltr'>ii.</span> <span class='ocrx_word' id='word_1_103' title='bbox 443 2056 628 2142; x_wconf 87' lang='lat' dir='ltr'>antiphone</span> <span class='ocrx_word' id='word_1_104' title='bbox 643 2067 678 2121; x_wconf 91' lang='lat' dir='ltr'>et</span> <span class='ocrx_word' id='word_1_105' title='bbox 694 2057 919 2141; x_wconf 88' lang='lat' dir='ltr'>Responsoria</span> <span class='ocrx_word' id='word_1_106' title='bbox 934 2058 977 2123; x_wconf 85' lang='lat' dir='ltr'>de</span> <span class='ocrx_word' id='word_1_107' title='bbox 992 2058 1041 2123; x_wconf 88' lang='lat' dir='ltr'>.vi.</span> <span class='ocrx_word' id='word_1_108' title='bbox 1058 2057 1146 2121; x_wconf 81' lang='lat' dir='ltr'>seria</span> 
     </span>
    </p>
   </div>
   <div class='ocr_carea' id='block_1_9' title="bbox 176 2189 1386 2355">
    <p class='ocr_par' dir='ltr' id='par_1_9' title="bbox 176 2189 1386 2355">
     <span class='ocr_line' id='line_1_16' title="bbox 218 2189 1386 2275; baseline -0.001 -20"><span class='ocrx_word' id='word_1_109' title='bbox 218 2197 254 2268; x_wconf 98' lang='grc' dir='ltr'>(Ι</span> <span class='ocrx_word' id='word_1_110' title='bbox 277 2191 375 2255; x_wconf 87' lang='lat' dir='ltr'>Feria</span> <span class='ocrx_word' id='word_1_111' title='bbox 388 2190 440 2256; x_wconf 86' lang='lat' dir='ltr'>iii.</span> <span class='ocrx_word' id='word_1_112' title='bbox 456 2192 499 2255; x_wconf 89' lang='lat' dir='ltr'>de</span> <span class='ocrx_word' id='word_1_113' title='bbox 521 2199 639 2255; x_wconf 86' lang='lat' dir='ltr'>sancto</span> <span class='ocrx_word' id='word_1_114' title='bbox 662 2191 842 2255; x_wconf 89' lang='lat' dir='ltr'>Dunstano</span> <span class='ocrx_word' id='word_1_115' title='bbox 856 2241 864 2253; x_wconf 94' lang='lat'><strong>.</strong></span> <span class='ocrx_word' id='word_1_116' title='bbox 879 2189 1038 2254; x_wconf 87' lang='lat' dir='ltr'>secunde⁴</span> <span class='ocrx_word' id='word_1_117' title='bbox 1060 2210 1198 2275; x_wconf 86' lang='lat' dir='ltr'>vespere</span> <span class='ocrx_word' id='word_1_118' title='bbox 1220 2201 1318 2255; x_wconf 90' lang='lat' dir='ltr'>erunt</span> <span class='ocrx_word' id='word_1_119' title='bbox 1343 2190 1386 2255; x_wconf 91' lang='lat' dir='ltr'>de</span> 
     </span>
     <span class='ocr_line' id='line_1_17' title="bbox 176 2277 719 2355; baseline -0.007 -11"><span class='ocrx_word' id='word_1_120' title='bbox 176 2277 271 2355; x_wconf 86' lang='lat' dir='ltr'>sesto,</span> <span class='ocrx_word' id='word_1_121' title='bbox 285 2288 321 2342; x_wconf 89' lang='lat' dir='ltr'>et</span> <span class='ocrx_word' id='word_1_122' title='bbox 336 2278 498 2342; x_wconf 88' lang='lat' dir='ltr'>memoria</span> <span class='ocrx_word' id='word_1_123' title='bbox 512 2277 556 2341; x_wconf 88' lang='lat' dir='ltr'>de</span> <span class='ocrx_word' id='word_1_124' title='bbox 569 2278 719 2341; x_wconf 83' lang='lat' dir='ltr'>octauis.⁸</span> 
     </span>
    </p>
   </div>
   <div class='ocr_carea' id='block_1_10' title="bbox 177 2497 327 2563">
    <p class='ocr_par' dir='ltr' id='par_1_10' title="bbox 177 2497 327 2563">
     <span class='ocr_line' id='line_1_18' title="bbox 177 2497 327 2563; baseline -0.007 0"><span class='ocrx_word' id='word_1_125' title='bbox 177 2497 327 2563; x_wconf 89' lang='lat' dir='ltr'>sabbato.</span> 
     </span>
    </p>
   </div>
   <div class='ocr_carea' id='block_1_11' title="bbox 176 2628 1384 2869">
    <p class='ocr_par' dir='ltr' id='par_1_11' title="bbox 176 2628 1384 2869">
     <span class='ocr_line' id='line_1_19' title="bbox 219 2628 1384 2714; baseline -0.001 -20"><span class='ocrx_word' id='word_1_126' title='bbox 219 2637 255 2708; x_wconf 98' lang='grc' dir='ltr'>(Ι</span> <span class='ocrx_word' id='word_1_127' title='bbox 277 2629 376 2694; x_wconf 89' lang='lat' dir='ltr'>Feria</span> <span class='ocrx_word' id='word_1_128' title='bbox 404 2651 443 2694; x_wconf 88' lang='lat' dir='ltr'>.v.</span> <span class='ocrx_word' id='word_1_129' title='bbox 474 2631 517 2694; x_wconf 92' lang='lat' dir='ltr'>de</span> <span class='ocrx_word' id='word_1_130' title='bbox 546 2630 697 2707; x_wconf 82' lang='lat' dir='ltr'>octauis,³</span> <span class='ocrx_word' id='word_1_131' title='bbox 723 2629 956 2693; x_wconf 87' lang='lat' dir='ltr'>Inuitatorium</span> <span class='ocrx_word' id='word_1_132' title='bbox 979 2629 1112 2714; x_wconf 84' lang='lat' dir='ltr'>triplex.</span> <span class='ocrx_word' id='word_1_133' title='bbox 1160 2631 1198 2693; x_wconf 88' lang='lat' dir='ltr'>ln</span> <span class='ocrx_word' id='word_1_134' title='bbox 1231 2628 1384 2694; x_wconf 87' lang='lat' dir='ltr'>laudibus</span> 
     </span>
     <span class='ocr_line' id='line_1_20' title="bbox 176 2714 1383 2800; baseline -0.002 -17"><span class='ocrx_word' id='word_1_135' title='bbox 176 2737 295 2783; x_wconf 90' lang='lat' dir='ltr'>omnes</span> <span class='ocrx_word' id='word_1_136' title='bbox 330 2714 515 2800; x_wconf 86' lang='lat' dir='ltr'>antiphone</span> <span class='ocrx_word' id='word_1_137' title='bbox 551 2717 728 2780; x_wconf 73' lang='lat' dir='ltr'>dicuutur.⁸</span> <span class='ocrx_word' id='word_1_138' title='bbox 771 2716 923 2800; x_wconf 88' lang='lat' dir='ltr'>Vespere</span> <span class='ocrx_word' id='word_1_139' title='bbox 959 2726 1057 2780; x_wconf 88' lang='lat' dir='ltr'>erunt</span> <span class='ocrx_word' id='word_1_140' title='bbox 1094 2716 1137 2780; x_wconf 87' lang='lat' dir='ltr'>de</span> <span class='ocrx_word' id='word_1_141' title='bbox 1174 2718 1312 2794; x_wconf 83' lang='lat' dir='ltr'>octauis,</span> <span class='ocrx_word' id='word_1_142' title='bbox 1348 2727 1383 2781; x_wconf 87' lang='lat' dir='ltr'>et</span> 
     </span>
     <span class='ocr_line' id='line_1_21' title="bbox 178 2803 659 2869; baseline -0.004 0"><span class='ocrx_word' id='word_1_143' title='bbox 178 2804 339 2869; x_wconf 90' lang='lat' dir='ltr'>memoria</span> <span class='ocrx_word' id='word_1_144' title='bbox 353 2805 397 2869; x_wconf 89' lang='lat' dir='ltr'>de</span> <span class='ocrx_word' id='word_1_145' title='bbox 411 2812 527 2867; x_wconf 88' lang='lat' dir='ltr'>sancta</span> <span class='ocrx_word' id='word_1_146' title='bbox 543 2803 659 2867; x_wconf 87' lang='lat' dir='ltr'>Maria</span> 
     </span>
    </p>
   </div>
   <div class='ocr_carea' id='block_1_12' title="bbox 218 2933 1170 3019">
    <p class='ocr_par' dir='ltr' id='par_1_12' title="bbox 218 2933 1170 3019">
     <span class='ocr_line' id='line_1_22' title="bbox 218 2933 1170 3019; baseline -0.002 -18"><span class='ocrx_word' id='word_1_147' title='bbox 218 2943 254 3014; x_wconf 97' lang='grc' dir='ltr'>(Ι</span> <span class='ocrx_word' id='word_1_148' title='bbox 276 2936 375 3001; x_wconf 86' lang='lat' dir='ltr'>Feria</span> <span class='ocrx_word' id='word_1_149' title='bbox 388 2936 447 3013; x_wconf 72' lang='lat' dir='ltr'>ui,</span> <span class='ocrx_word' id='word_1_150' title='bbox 462 2935 506 2999; x_wconf 90' lang='lat' dir='ltr'>de</span> <span class='ocrx_word' id='word_1_151' title='bbox 520 2943 637 2999; x_wconf 86' lang='lat' dir='ltr'>sancta</span> <span class='ocrx_word' id='word_1_152' title='bbox 653 2935 771 3012; x_wconf 88' lang='lat' dir='ltr'>Maria,</span> <span class='ocrx_word' id='word_1_153' title='bbox 786 2935 859 2999; x_wconf 90' lang='lat' dir='ltr'>sine</span> <span class='ocrx_word' id='word_1_154' title='bbox 873 2933 987 3019; x_wconf 91' lang='lat' dir='ltr'>aliqua</span> <span class='ocrx_word' id='word_1_155' title='bbox 1002 2937 1170 3000; x_wconf 88' lang='lat' dir='ltr'>memoria</span> 
     </span>
    </p>
   </div>
   <div class='ocr_carea' id='block_1_13' title="bbox 178 3070 1384 3226">
    <p class='ocr_par' dir='ltr' id='par_1_13' title="bbox 178 3070 1384 3226">
     <span class='ocr_line' id='line_1_23' title="bbox 217 3070 1384 3155; baseline -0.001 -17"><span class='ocrx_word' id='word_1_156' title='bbox 217 3079 253 3150; x_wconf 98' lang='grc' dir='ltr'>(Ι</span> <span class='ocrx_word' id='word_1_157' title='bbox 275 3072 437 3148; x_wconf 87' lang='lat' dir='ltr'>Sabbato,</span> <span class='ocrx_word' id='word_1_158' title='bbox 467 3070 510 3135; x_wconf 91' lang='lat' dir='ltr'>de</span> <span class='ocrx_word' id='word_1_159' title='bbox 539 3070 653 3155; x_wconf 81' lang='lat' dir='ltr'>vigilia</span> <span class='ocrx_word' id='word_1_160' title='bbox 680 3070 918 3136; x_wconf 89' lang='lat' dir='ltr'>Penthecostes</span> <span class='ocrx_word' id='word_1_161' title='bbox 951 3080 985 3135; x_wconf 89' lang='lat' dir='ltr'>et</span> <span class='ocrx_word' id='word_1_162' title='bbox 1017 3072 1176 3136; x_wconf 88' lang='lat' dir='ltr'>memoria</span> <span class='ocrx_word' id='word_1_163' title='bbox 1201 3073 1244 3136; x_wconf 86' lang='lat' dir='ltr'>de</span> <span class='ocrx_word' id='word_1_164' title='bbox 1267 3085 1384 3137; x_wconf 85' lang='lat' dir='ltr'>sancta</span> 
     </span>
     <span class='ocr_line' id='line_1_24' title="bbox 178 3157 885 3226; baseline -0.006 -2"><span class='ocrx_word' id='word_1_165' title='bbox 178 3161 287 3226; x_wconf 89' lang='lat' dir='ltr'>Maria</span> <span class='ocrx_word' id='word_1_166' title='bbox 302 3167 336 3223; x_wconf 91' lang='lat' dir='ltr'>et</span> <span class='ocrx_word' id='word_1_167' title='bbox 351 3157 394 3222; x_wconf 91' lang='lat' dir='ltr'>de</span> <span class='ocrx_word' id='word_1_168' title='bbox 411 3158 581 3225; x_wconf 90' lang='lat' dir='ltr'>Omnibus</span> <span class='ocrx_word' id='word_1_169' title='bbox 597 3157 730 3224; x_wconf 88' lang='lat' dir='ltr'>Sanctis</span> <span class='ocrx_word' id='word_1_170' title='bbox 745 3167 885 3222; x_wconf 88' lang='lat' dir='ltr'>tantum.</span> 
     </span>
    </p>
   </div>
   <div class='ocr_carea' id='block_1_14' title="bbox 352 3290 1384 3375">
    <p class='ocr_par' dir='ltr' id='par_1_14' title="bbox 352 3290 1384 3375">
     <span class='ocr_line' id='line_1_25' title="bbox 352 3290 1384 3375; baseline -0.001 -20"><span class='ocrx_word' id='word_1_171' title='bbox 352 3297 386 3368; x_wconf 89' lang='grc' dir='ltr'>(Ι</span> <span class='ocrx_word' id='word_1_172' title='bbox 409 3292 476 3355; x_wconf 88' lang='lat' dir='ltr'>Die</span> <span class='ocrx_word' id='word_1_173' title='bbox 500 3291 747 3368; x_wconf 89' lang='lat' dir='ltr'>Penthecostes,</span> <span class='ocrx_word' id='word_1_174' title='bbox 770 3299 804 3355; x_wconf 90' lang='lat' dir='ltr'>et</span> <span class='ocrx_word' id='word_1_175' title='bbox 830 3311 888 3375; x_wconf 90' lang='lat' dir='ltr'>per</span> <span class='ocrx_word' id='word_1_176' title='bbox 918 3290 1177 3369; x_wconf 90' lang='lat' dir='ltr'>hebdomadam,</span> <span class='ocrx_word' id='word_1_177' title='bbox 1206 3300 1315 3356; x_wconf 91' lang='lat' dir='ltr'>totum</span> <span class='ocrx_word' id='word_1_178' title='bbox 1340 3291 1384 3356; x_wconf 91' lang='lat' dir='ltr'>de</span> 
     </span>
    </p>
   </div>
   <div class='ocr_carea' id='block_1_15' title="bbox 178 3340 651 3443">
    <p class='ocr_par' dir='ltr' id='par_1_15' title="bbox 178 3340 651 3443">
     <span class='ocr_line' id='line_1_26' title="bbox 178 3340 651 3443; baseline -0.006 3"><span class='ocrx_word' id='word_1_179' title='bbox 178 3343 238 3399; x_wconf 58' lang='lat' dir='ltr'>Mai</span> <span class='ocrx_word' id='word_1_180' title='bbox 251 3340 308 3413; x_wconf 72' lang='lat'>²4]</span> <span class='ocrx_word' id='word_1_181' title='bbox 352 3379 552 3443; x_wconf 87' lang='lat' dir='ltr'>solennitate</span> <span class='ocrx_word' id='word_1_182' title='bbox 568 3377 651 3443; x_wconf 80' lang='lat' dir='ltr'>festi.</span> 
     </span>
    </p>
   </div>
   <div class='ocr_carea' id='block_1_16' title="bbox 175 3509 1382 3682">
    <p class='ocr_par' dir='ltr' id='par_1_16' title="bbox 175 3509 1382 3682">
     <span class='ocr_line' id='line_1_27' title="bbox 218 3509 1382 3635; baseline -0.003 -59"><span class='ocrx_word' id='word_1_183' title='bbox 218 3517 254 3588; x_wconf 97' lang='grc' dir='ltr'>(Ι</span> <span class='ocrx_word' id='word_1_184' title='bbox 276 3510 537 3635; x_wconf 41' lang='lat' dir='ltr'>Festum0sancti</span> <span class='ocrx_word' id='word_1_185' title='bbox 554 3509 736 3592; x_wconf 85' lang='lat' dir='ltr'>Augustini</span> <span class='ocrx_word' id='word_1_186' title='bbox 752 3509 925 3575; x_wconf 83' lang='lat' dir='ltr'>differatur</span> <span class='ocrx_word' id='word_1_187' title='bbox 938 3530 1043 3593; x_wconf 88' lang='lat' dir='ltr'>vsque</span> <span class='ocrx_word' id='word_1_188' title='bbox 1055 3510 1098 3573; x_wconf 93' lang='lat' dir='ltr'>ad</span> <span class='ocrx_word' id='word_1_189' title='bbox 1115 3511 1251 3575; x_wconf 87' lang='lat' dir='ltr'>terciam</span> <span class='ocrx_word' id='word_1_190' title='bbox 1268 3509 1382 3574; x_wconf 87' lang='lat' dir='ltr'>leriam</span> 
     </span>
     <span class='ocr_line' id='line_1_28' title="bbox 175 3607 413 3682; baseline -0.013 -18"><span class='ocrx_word' id='word_1_191' title='bbox 175 3608 253 3682; x_wconf 89' lang='lat' dir='ltr'>post</span> <span class='ocrx_word' id='word_1_192' title='bbox 267 3607 413 3662; x_wconf 89' lang='lat' dir='ltr'>octauas.</span> 
     </span>
    </p>
   </div>
   <div class='ocr_carea' id='block_1_17' title="bbox 174 3727 1382 4072">
    <p class='ocr_par' dir='ltr' id='par_1_17' title="bbox 174 3727 1382 4072">
     <span class='ocr_line' id='line_1_29' title="bbox 218 3727 1382 3814; baseline 0 -20"><span class='ocrx_word' id='word_1_193' title='bbox 218 3735 254 3806; x_wconf 98' lang='grc' dir='ltr'>(Ι</span> <span class='ocrx_word' id='word_1_194' title='bbox 276 3730 331 3794; x_wconf 92' lang='lat' dir='ltr'>De</span> <span class='ocrx_word' id='word_1_195' title='bbox 361 3727 454 3793; x_wconf 84' lang='lat' dir='ltr'>sestis</span> <span class='ocrx_word' id='word_1_196' title='bbox 482 3728 583 3793; x_wconf 92' lang='lat' dir='ltr'>trium</span> <span class='ocrx_word' id='word_1_197' title='bbox 614 3728 803 3802; x_wconf 89' lang='lat' dir='ltr'>lectionum,</span> <span class='ocrx_word' id='word_1_198' title='bbox 831 3728 889 3792; x_wconf 86' lang='lat' dir='ltr'>fiat</span> <span class='ocrx_word' id='word_1_199' title='bbox 919 3730 1080 3794; x_wconf 86' lang='lat' dir='ltr'>memoria</span> <span class='ocrx_word' id='word_1_200' title='bbox 1105 3730 1190 3793; x_wconf 91' lang='lat' dir='ltr'>sicut</span> <span class='ocrx_word' id='word_1_201' title='bbox 1214 3750 1273 3814; x_wconf 90' lang='lat' dir='ltr'>per</span> <span class='ocrx_word' id='word_1_202' title='bbox 1303 3728 1382 3794; x_wconf 88' lang='lat' dir='ltr'>heb·</span> 
     </span>
     <span class='ocr_line' id='line_1_30' title="bbox 176 3813 1382 3900; baseline 0 -19"><span class='ocrx_word' id='word_1_203' title='bbox 176 3815 359 3881; x_wconf 88' lang='lat' dir='ltr'>domadam</span> <span class='ocrx_word' id='word_1_204' title='bbox 391 3817 501 3881; x_wconf 89' lang='lat' dir='ltr'>Pasce.</span> <span class='ocrx_word' id='word_1_205' title='bbox 561 3815 665 3879; x_wconf 91' lang='lat' dir='ltr'>Nulla</span> <span class='ocrx_word' id='word_1_206' title='bbox 691 3813 750 3879; x_wconf 89' lang='lat' dir='ltr'>liat</span> <span class='ocrx_word' id='word_1_207' title='bbox 774 3816 935 3880; x_wconf 87' lang='lat' dir='ltr'>memoria</span> <span class='ocrx_word' id='word_1_208' title='bbox 961 3818 1004 3881; x_wconf 88' lang='lat' dir='ltr'>de</span> <span class='ocrx_word' id='word_1_209' title='bbox 1028 3815 1155 3900; x_wconf 89' lang='lat' dir='ltr'>Spiritu</span> <span class='ocrx_word' id='word_1_210' title='bbox 1181 3814 1315 3894; x_wconf 88' lang='lat' dir='ltr'>Sancto,</span> <span class='ocrx_word' id='word_1_211' title='bbox 1339 3818 1382 3881; x_wconf 91' lang='lat' dir='ltr'>ad</span> 
     </span>
     <span class='ocr_line' id='line_1_31' title="bbox 174 3902 1382 3987; baseline -0.002 -19"><span class='ocrx_word' id='word_1_212' title='bbox 174 3924 331 3986; x_wconf 86' lang='lat' dir='ltr'>vesperas</span> <span class='ocrx_word' id='word_1_213' title='bbox 361 3905 409 3968; x_wconf 61' lang='lat' dir='ltr'>etr</span> <span class='ocrx_word' id='word_1_214' title='bbox 442 3903 624 3967; x_wconf 85' lang='lat' dir='ltr'>matutinas</span> <span class='ocrx_word' id='word_1_215' title='bbox 646 3902 743 3966; x_wconf 84' lang='lat' dir='ltr'>beate</span> <span class='ocrx_word' id='word_1_216' title='bbox 767 3903 884 3979; x_wconf 83' lang='lat' dir='ltr'>Marie,</span> <span class='ocrx_word' id='word_1_217' title='bbox 921 3924 981 3987; x_wconf 90' lang='lat' dir='ltr'>per</span> <span class='ocrx_word' id='word_1_218' title='bbox 1010 3903 1096 3967; x_wconf 90' lang='lat' dir='ltr'>hanc</span> <span class='ocrx_word' id='word_1_219' title='bbox 1125 3902 1382 3968; x_wconf 87' lang='lat' dir='ltr'>hebdomadam.</span> 
     </span>
     <span class='ocr_line' id='line_1_32' title="bbox 178 3989 1070 4072; baseline -0.001 -17"><span class='ocrx_word' id='word_1_220' title='bbox 178 3990 281 4055; x_wconf 87' lang='lat' dir='ltr'>Nulla</span> <span class='ocrx_word' id='word_1_221' title='bbox 295 3990 465 4055; x_wconf 82' lang='lat' dir='ltr'>differatur</span> <span class='ocrx_word' id='word_1_222' title='bbox 479 3989 647 4054; x_wconf 91' lang='lat' dir='ltr'>dominica</span> <span class='ocrx_word' id='word_1_223' title='bbox 662 4008 721 4072; x_wconf 89' lang='lat' dir='ltr'>per</span> <span class='ocrx_word' id='word_1_224' title='bbox 735 3999 878 4055; x_wconf 87' lang='lat' dir='ltr'>estatem</span> <span class='ocrx_word' id='word_1_225' title='bbox 894 3990 958 4054; x_wconf 91' lang='lat' dir='ltr'>isto</span> <span class='ocrx_word' id='word_1_226' title='bbox 973 4010 1070 4054; x_wconf 85' lang='lat' dir='ltr'>anno.</span> 
     </span>
    </p>
   </div>
   <div class='ocr_carea' id='block_1_18' title="bbox 206 4310 1142 4572">
    <p class='ocr_par' dir='ltr' id='par_1_18' title="bbox 208 4310 1086 4375">
     <span class='ocr_line' id='line_1_33' title="bbox 208 4310 1086 4375; baseline -0.006 -9"><span class='ocrx_word' id='word_1_227' title='bbox 208 4312 218 4345; x_wconf 92' lang='lat'>¹</span> <span class='ocrx_word' id='word_1_228' title='bbox 235 4314 282 4367; x_wconf 84' lang='lat' dir='ltr'>SS.</span> <span class='ocrx_word' id='word_1_229' title='bbox 296 4314 390 4374; x_wconf 83' lang='lat' dir='ltr'>Nereo,</span> <span class='ocrx_word' id='word_1_230' title='bbox 402 4313 518 4365; x_wconf 79' lang='lat' dir='ltr'>Achilleo</span> <span class='ocrx_word' id='word_1_231' title='bbox 529 4323 556 4364; x_wconf 85' lang='lat' dir='ltr'>et</span> <span class='ocrx_word' id='word_1_232' title='bbox 568 4312 706 4363; x_wconf 83' lang='lat' dir='ltr'>Pancratio.</span> <span class='ocrx_word' id='word_1_233' title='bbox 817 4310 829 4342; x_wconf 75' lang='lat'>&#39;²</span> <span class='ocrx_word' id='word_1_234' title='bbox 844 4312 975 4364; x_wconf 87' lang='lat' dir='ltr'>dicuntur:</span> <span class='ocrx_word' id='word_1_235' title='bbox 992 4311 1034 4375; x_wconf 87' lang='lat'>87,</span> <span class='ocrx_word' id='word_1_236' title='bbox 1046 4311 1086 4362; x_wconf 82' lang='lat'>88.</span> 
     </span>
    </p>

    <p class='ocr_par' dir='ltr' id='par_1_19' title="bbox 207 4376 1142 4508">
     <span class='ocr_line' id='line_1_34' title="bbox 207 4376 1142 4440; baseline -0.002 -9"><span class='ocrx_word' id='word_1_237' title='bbox 207 4378 219 4411; x_wconf 81' lang='lat'>⁸</span> <span class='ocrx_word' id='word_1_238' title='bbox 233 4379 403 4431; x_wconf 63' lang='lat' dir='ltr'>Ammonia.</span> <span class='ocrx_word' id='word_1_239' title='bbox 818 4377 829 4407; x_wconf 83' lang='lat'><strong>⁴</strong></span> <span class='ocrx_word' id='word_1_240' title='bbox 845 4379 970 4429; x_wconf 79' lang='lat' dir='ltr'>secunde:</span> <span class='ocrx_word' id='word_1_241' title='bbox 987 4395 1035 4428; x_wconf 88' lang='lat' dir='ltr'>om.</span> <span class='ocrx_word' id='word_1_242' title='bbox 1048 4378 1090 4440; x_wconf 90' lang='lat'>87,</span> <span class='ocrx_word' id='word_1_243' title='bbox 1102 4376 1142 4429; x_wconf 87' lang='lat'>88.</span> 
     </span>
     <span class='ocr_line' id='line_1_35' title="bbox 207 4441 941 4508; baseline -0.003 -12"><span class='ocrx_word' id='word_1_244' title='bbox 207 4443 219 4475; x_wconf 79' lang='lat'>⁸</span> <span class='ocrx_word' id='word_1_245' title='bbox 234 4445 365 4496; x_wconf 63' lang='lat' dir='ltr'>mantnt:</span> <span class='ocrx_word' id='word_1_246' title='bbox 383 4443 424 4495; x_wconf 86' lang='lat'>88.</span> <span class='ocrx_word' id='word_1_247' title='bbox 816 4441 901 4508; x_wconf 82' lang='lat' dir='ltr'>‘Jum</span> <span class='ocrx_word' id='word_1_248' title='bbox 916 4444 941 4494; x_wconf 85' lang='lat' dir='ltr'>ii.</span> 
     </span>
    </p>

    <p class='ocr_par' dir='ltr' id='par_1_20' title="bbox 206 4508 538 4572">
     <span class='ocr_line' id='line_1_36' title="bbox 206 4508 538 4572; baseline -0.015 -10"><span class='ocrx_word' id='word_1_249' title='bbox 206 4509 219 4542; x_wconf 80' lang='lat'>⁷</span> <span class='ocrx_word' id='word_1_250' title='bbox 234 4510 319 4561; x_wconf 76' lang='lat' dir='ltr'>etad:</span> <span class='ocrx_word' id='word_1_251' title='bbox 336 4509 378 4572; x_wconf 86' lang='lat'>87,</span> <span class='ocrx_word' id='word_1_252' title='bbox 390 4508 432 4570; x_wconf 83' lang='lat'>88,</span> <span class='ocrx_word' id='word_1_253' title='bbox 444 4521 486 4572; x_wconf 85' lang='lat'>97,</span> <span class='ocrx_word' id='word_1_254' title='bbox 497 4522 538 4558; x_wconf 89' lang='grc' dir='ltr'>οι.</span> 
     </span>
    </p>
   </div>
   <div class='ocr_carea' id='block_1_19' title="bbox 0 0 1662 5220">
    <p class='ocr_par' dir='ltr' id='par_1_21' title="bbox 0 0 1662 5220">
     <span class='ocr_line' id='line_1_37' title="bbox 0 0 1662 5220; baseline 0 1"><span class='ocrx_word' id='word_1_255' title='bbox 0 0 1662 5220; x_wconf 95' lang='lat' dir='ltr'> </span> 
     </span>
    </p>
   </div>
  </div>
 </body>
</html>
