3326 5208
528 469 746 519 SECUNDw!
757 469 792 518 l).
826 469 887 518 xiii.
900 486 927 519 x.
948 485 971 519 v.
985 470 1014 519 ii.
1328 482 1377 532 279

212 623 246 694 (Ι
271 618 310 681 In
335 619 487 697 sabbato,
510 622 554 684 ad
577 642 731 705 vesperas
754 634 788 685 et
818 622 861 685 ad
893 624 1075 686 matutinas
1105 623 1204 686 beate
1230 623 1377 706 virginis,

171 702 229 766 fiat
244 708 406 769 memoria
421 706 464 770 de
479 719 596 772 sancto
612 709 803 773 Valentino.

171 865 308 937 Feb.15.]
344 820 579 968 glPominica
626 822 734 903 prima
783 820 1056 904 Quadragesime,
1104 832 1177 886 tota
1224 832 1377 885 cantetur

371 927 397 968 rs
413 927 491 970 ona.

212 1019 246 1089 (l
271 1015 368 1080 Feria
383 1018 422 1080 .ii.
438 1029 473 1081 et
488 1021 606 1083 ceteris
623 1019 710 1083 seriis
727 1041 786 1102 per
800 1019 1047 1084 hebdomadam
1065 1022 1107 1084 de
1122 1022 1252 1084 ieiunio.

211 1130 245 1200 (I
270 1126 367 1191 Feria
389 1150 451 1193 ‚nn
477 1144 510 1194 et
533 1133 675 1195 sabbato
700 1133 853 1194 dicantur
877 1133 1103 1214 Responsoria
1125 1132 1270 1196 ferialiar
1292 1143 1327 1196 et
1343 1133 1376 1194 in

169 1211 208 1274 ii.
237 1212 318 1276 feria
349 1214 406 1278 fiat
437 1221 599 1282 memoria
628 1221 671 1282 de
701 1232 816 1283 sancta
849 1219 978 1282 luliana
1008 1220 1052 1282 ad
1082 1240 1238 1303 vesperas
1267 1231 1302 1282 et
1332 1220 1375 1283 ad

170 1302 352 1364 matutinas
368 1304 465 1368 beate
480 1306 623 1388 virginis,

170 1422 237 1476 Feb.
251 1421 307 1494 η]
344 1421 377 1490 1Ι
401 1416 581 1480 Dominica
596 1419 634 1480 ‚ii
651 1418 915 1500 quadragesime,
931 1427 1039 1481 totum
1056 1417 1099 1480 de
1114 1418 1290 1482 dominica

212 1532 246 1602 (l
271 1528 368 1590 Feria
383 1529 422 1591 ii.
438 1530 482 1592 de
496 1542 613 1593 sancto
631 1531 748 1593 Petro¹

211 1643 246 1713 ll
271 1639 368 1702 Feria
383 1641 434 1703 ‚iii
450 1641 493 1705 de
509 1653 625 1705 sancto
643 1641 781 1718 Mathia,
800 1640 940 1705 Inferius
955 1640 1090 1725 duplex.

169 1839 315 1917 primum
341 1839 602 1921 Responsorium
619 1840 739 1916 feriale,
755 1851 789 1904 et
804 1840 894 1904 aliud
911 1841 944 1903 in
961 1841 1111 1917 sabbat0,
1125 1860 1201 1903 cum
1226 1840 1378 1923 Respon-

169 1925 257 1985 sorio
272 1924 385 2003 Pater,
393 1928 532 2007 peccaui.

170 2120 258 2186 seria.
306 2124 352 2187 Et
368 2133 446 2188 tunc
462 2125 597 2189 abhinc
617 2146 721 2208 vsque
743 2127 786 2189 ad
811 2127 1033 2208 inceptionem
1057 2126 1193 2189 historie
1208 2125 1265 2205 (ln
1281 2125 1378 2206 prin·

168 2209 264 2289 cipro)
281 2212 463 2292 accipiatur
479 2214 621 2295 primum
642 2212 675 2289 C,
692 2233 752 2294 pro
768 2213 878 2276 littera
893 2213 1093 2276 dominicali.
1139 2212 1185 2276 Et
1204 2211 1378 2275 inchoetur

170 2297 212 2359 ad
230 2299 365 2361 terciam
382 2300 585 2363 dominicam
602 2301 866 2382 quadragesime.

172 2420 243 2473 Mar.
261 2416 295 2490 1.]
344 2418 378 2488 (1
402 2412 581 2476 Dominica
596 2413 649 2474 iii.
666 2412 931 2495 quadragesime,
947 2421 1055 2475 toturn
1072 2411 1114 2475 de
1130 2412 1320 2476 dominica.²

212 2529 245 2599 (l
270 2524 368 2588 Feria
382 2525 422 2588 ‚it
438 2526 481 2587 de
496 2535 613 2588 sancto
629 2523 767 2588 Cedda:
790 2525 835 2587 ix.
851 2525 1034 2587 lectiones.³

212 2641 246 2711 (l
271 2637 368 2699 Feria
383 2637 434 2699 .iii.
450 2638 493 2700 de
507 2648 625 2700 sancto
641 2636 776 2700 Dauid:
799 2638 845 2699 ix.
862 2636 1042 2699 lectiones.³

210 2866 244 2936 (I
269 2860 366 2924 Feria
380 2862 430 2924 .vi.
446 2862 575 2925 dicatur
591 2863 735 2944 primum
752 2861 1014 2943 Responsorium
1031 2859 1163 2924 feriale:
1185 2871 1219 2924 et
1229 2860 1295 2924 alia
1310 2864 1378 2925 duo

170 2947 203 3009 in
230 2948 380 3011 sabbato.
426 2948 486 3013 ⁴Et
516 2948 575 3012 fiat
605 2950 766 3012 memoria
795 2949 838 3011 de
868 2947 1064 3030 virginibus⁵
1094 2949 1126 3010 in
1158 2947 1309 3025 sabbat0,
1333 2950 1376 3011 ad

171 3035 353 3098 matutinas
367 3046 402 3099 et
417 3035 460 3098 ad
476 3055 631 3118 vesperas
648 3036 744 3099 beate
760 3035 917 3116 virginis⁴

169 3159 241 3211 Mar.
254 3154 293 3228 8.]
342 3153 375 3223 (l
399 3148 579 3212 Dominica
594 3148 657 3210 iiii.
673 3148 937 3229 quadragesime,
954 3156 1062 3210 totum
1078 3147 1121 3210 de
1136 3146 1313 3210 dominica.

168 3346 249 3409 feria
264 3358 395 3411 tantum
412 3349 532 3411 dicitur
548 3348 810 3429 Responsorium
828 3345 948 3409 feriale.

209 3465 243 3535 (Ι
267 3459 417 3522 Feria.v.
432 3460 476 3522 de
498 3470 615 3522 sancto
639 3458 809 3541 Gregorio,
833 3457 972 3521 Inferius
999 3458 1135 3540 duplex.
1181 3456 1375 3540 Capitulum

165 3545 246 3609 Ecce
259 3547 406 3608 sacerdos
418 3569 430 3610 :
454 3547 498 3609 ix.
515 3547 681 3610 lectiones

167 3671 240 3724 Mar.
258 3666 310 3739 ¹5·]
341 3665 374 3735 (l
400 3659 579 3723 Dominica
595 3659 627 3720 in
647 3658 804 3721 Passione
820 3657 967 3729 Domini,
984 3667 1092 3720 totum
1109 3658 1152 3720 de
1167 3656 1343 3721 dominica

208 3778 242 3848 (I
266 3773 367 3835 Festa
382 3783 573 3835 sanctorum
590 3769 757 3847 Edwardi,
774 3769 957 3846 Cuthberti,
972 3779 1007 3832 et
1024 3769 1205 3845 Benedicti,
1220 3768 1374 3832 differan-

165 3871 220 3923 tur
235 3880 339 3942 vsque
354 3861 397 3922 ad
413 3879 528 3921 eorum
545 3857 802 3921 translationes.⁰

199 4070 208 4102 ¹
227 4075 328 4123 Festum
339 4073 481 4123 Cathedrae
492 4072 519 4122 S.
535 4072 601 4121 Petri
613 4072 639 4131 (a
649 4071 691 4119 die
702 4083 733 4119 22
747 4070 807 4119 Feh
822 4070 987 4127 translatum).

198 4136 210 4167 ²
226 4138 342 4189 &eunde
354 4155 455 4203 vespere
466 4147 538 4187 erunt
549 4136 581 4186 de
592 4147 679 4187 sancto
688 4135 774 4186 Cedda
786 4146 810 4185 et
822 4134 942 4184 memoria
953 4134 985 4183 de
996 4132 1139 4183 dominica:
1156 4132 1212 4180 add.
1227 4141 1269 4192 97,
1280 4143 1321 4179 01.

198 4202 210 4233 ⁸
226 4203 257 4253 de
268 4204 414 4254 communi:
431 4204 487 4252 aad.
501 4214 543 4264 97,
554 4214 596 4251 01.

198 4268 252 4306 ⁴-⁴
270 4270 301 4318 Et
315 4269 356 4318 fiat
368 4269 401 4318 de
417 4268 554 4333 virginibus
570 4268 596 4316 in
615 4267 721 4317 sabbato
739 4265 858 4315 memoria
872 4265 905 4314 ad
923 4280 1038 4329 resperas
1057 4262 1132 4313 etad
1149 4261 1284 4311 matutinas
1301 4261 1373 4310 beate

164 4334 283 4429 virginis:
300 4333 342 4395 87,
355 4333 395 4383 88.
821 4329 833 4359 ⁸
849 4329 895 4380 SS.
911 4331 1032 4395 Perpetua
1043 4338 1068 4379 et
1081 4328 1211 4378 Felicitate

226 4401 324 4449 Transi
359 4400 386 4449 S.
402 4398 528 4448 Edwardi.
561 4398 620 4462 Juu.
636 4413 675 4446 xx,

243 4500 261 4524 ‚,
356 4465 382 4516 S.
397 4464 537 4515 Cuthberti.
573 4463 643 4528 Sept.
657 4463 690 4511 ir.

242 4567 261 4591 ‚‚
356 4530 383 4581 S.
397 4530 536 4579 Benedicti.
570 4529 620 4592 Jul.
634 4528 667 4577 xi.
