3326 5208
260 335 309 399 256
587 332 863 383 DIRECTORIUM
891 334 1158 386 SACERDOTUM.

435 493 469 563 11
493 486 622 550 Littera
637 486 855 549 dominicalis¹
876 486 909 559 C,
929 487 1077 550 secundo
1091 490 1178 568 ydus
1195 488 1412 571 Septembris,
1428 490 1472 554 de

437 585 558 637 octaua
573 573 671 636 beate
690 573 803 649 Marie,
819 586 853 636 et
869 574 1042 637 inchoetur
1057 575 1194 638 historia
1210 577 1306 656 (Peto
1314 577 1473 660 Domine)

260 682 336 725 cum
354 661 533 724 memoria:
557 660 600 723 ad
624 661 814 735 matutinas,
837 660 992 723 Tercium
1019 663 1281 745 Responsorium
1307 664 1471 727 Glorzose:

261 749 405 813 Sextum
420 747 681 830 Responsorium
694 746 834 828 Regali:
851 747 988 811 Nonum
1001 749 1261 831 Responsorium
1275 752 1305 813 A
1310 751 1337 812 d
1344 761 1471 816 nutum.

260 838 302 987 (lin
330 835 492 911 laudibus,
530 853 597 896 vna
631 834 823 916 antiphona
883 834 987 897 Missa
1018 835 1225 900 dominicalis
1261 838 1294 900 in
1321 839 1471 920 capitulo

284 934 395 985 reatus.

302 1040 336 1110 11
361 1034 456 1097 Feria
480 1033 528 1107 .ii.,
552 1032 595 1095 de
620 1032 769 1095 octauis²
825 1032 978 1096 Tercium
1007 1034 1269 1116 Responsorium
1294 1035 1473 1099 Natiuitas

258 1132 312 1187 est.
359 1121 556 1203 Antiphona
571 1119 774 1196 Beatissimo³
789 1120 939 1202 psalmus
955 1121 1152 1186 Benedictus.

303 1240 337 1310 11
362 1234 457 1297 Feria
481 1233 540 1308 .iii.,
566 1230 609 1294 de
634 1230 760 1296 Sancta
784 1230 911 1296 Cruce:
935 1232 1044 1295 minus
1071 1233 1207 1315 duplex.
1266 1235 1379 1297 Medie
1405 1235 1472 1298 lec-

260 1323 368 1386 tiones
384 1321 426 1383 de
442 1319 666 1399 martyribus‚³
681 1338 757 1380 cum
774 1318 941 1381 versiculis
957 1330 991 1382 et
1009 1320 1241 1401 Responsoriis
1265 1323 1307 1384 de
1322 1323 1470 1385 secundo

260 1420 430 1562 gocturno.
476 1407 532 1470 Ad
550 1406 732 1469 matutinas
748 1405 791 1467 de
805 1406 946 1468 octauis²
960 1417 1059 1469 extra
1078 1407 1225 1481 chorum,
1244 1409 1470 1490 Responsoria

307 1517 414 1560 ortose.

261 541 338 609 Sept.
355 535 407 608 12.]

302 1614 336 1684 11
361 1607 457 1670 Feria
472 1605 533 1669 iiii.
549 1604 592 1667 de
607 1603 750 1667 octaua.²
790 1605 1024 1668 lnuitatorium
1040 1606 1186 1689 triplex:
1219 1607 1263 1670 ix.
1291 1607 1470 1671 lectiones:

259 1696 415 1759 Tercium
426 1691 688 1775 Responsorium
699 1690 820 1771 Regali
831 1715 838 1753 z
862 1690 1006 1755 Sextum
1019 1692 1281 1775 Responsorium
1294 1695 1472 1757 Natiuitas

260 1793 325 1846 est:
350 1782 487 1845 Nonum
505 1778 767 1861 Responsorium
783 1778 846 1839 Ad
864 1789 989 1842 nutum.

260 1985 282 2048 d
303 1901 341 2045 1(11
345 1894 467 1996 ,Missa
482 1900 625 1974 quatuor
640 1899 828 1972 temporum
854 1889 1035 1954 solenniter
1057 1900 1209 1955 cantetur
1232 1903 1309 1974 post
1332 1893 1468 1955 missam

285 2005 303 2047 e
344 2003 381 2044 re.

303 2100 337 2170 11
361 2092 457 2156 Feria
472 2112 509 2156 .v.
526 2090 568 2151 de
582 2098 699 2151 sancta
716 2088 875 2151 Editha⁴:
899 2089 944 2152 ix.
960 2089 1127 2154 lectiones.
1175 2091 1287 2154 Medie
1310 2091 1469 2153 lectiones

261 2183 304 2246 de
321 2178 544 2260 martyribus,⁵
558 2196 634 2238 cum
650 2175 819 2238 versiculis
829 2186 862 2238 et
874 2176 1107 2259 Responsoriis
1123 2179 1165 2240 de
1180 2178 1283 2240 tercio
1298 2188 1469 2242 nocturno,

300 2299 334 2370 11
358 2291 453 2355 Feria
469 2290 517 2353 .vi.
540 2288 583 2352 de
605 2297 722 2350 sancto
746 2285 936 2364 Lambert0‚
959 2307 1035 2350 cum
1060 2299 1231 2353 nocturno,
1278 2289 1382 2351 Missa
1405 2291 1466 2352 erit

260 2382 303 2446 de
314 2380 436 2443 ieiunio
452 2385 596 2460 quatuor
618 2384 816 2456 temporum.

303 2499 337 2569 11
361 2490 522 2565 Sabbato,
548 2487 590 2569 de
615 2486 702 2550 seria.
750 2486 854 2549 Missa
881 2487 923 2549 de
950 2487 1078 2550 ieiunio.
1136 2487 1193 2550 Ad
1219 2508 1374 2569 vesperas
1400 2508 1467 2551 non

260 2581 389 2645 dicatur
405 2575 677 2658 Responsorium‚
692 2574 750 2636 sed
774 2572 832 2636 fiat
856 2574 1017 2637 memoria
1039 2574 1081 2637 de
1104 2573 1277 2650 Trinitate,
1293 2595 1368 2637 cum
1393 2595 1469 2657 pro·

259 2669 408 2733 cessione
423 2675 502 2727 ante
517 2682 656 2725 crucem.

436 2781 470 2852 11
493 2773 670 2838 Dominica
696 2773 743 2849 .ii.‚
770 2782 842 2836 tota
868 2781 1021 2835 cantetur
1046 2772 1190 2836 historia
1239 2774 1277 2836 ln
1305 2773 1470 2845 laudibus,

262 2831 339 2901 sepe
356 2825 409 2898 ¹9’]
436 2883 502 2926 vna
517 2862 709 2943 antiphona.

302 2983 336 3053 11
361 2976 457 3039 Feria
483 2975 520 3039 ii.
545 2975 588 3038 de
613 2972 699 3036 feria
768 2972 814 3034 Et
840 2971 992 3033 dicantur
1016 2972 1084 3034 duo
1109 2971 1215 3053 prima
1243 2971 1471 3054 Responsoria

259 3062 403 3139 historie,
419 3083 494 3125 cum
512 3060 737 3143 Responsorio
753 3057 864 3121 feriali.
912 3059 957 3121 Et
974 3058 1073 3119 missa
1085 3059 1147 3120 erit
1162 3059 1204 3121 de
1219 3058 1352 3140 vigilia⁶

301 3182 335 3252 11
360 3176 456 3238 Feria
471 3174 519 3237 iii.
535 3173 578 3236 de
593 3183 710 3234 sancto
728 3170 874 3246 Matheo,
894 3169 1032 3232 lnserius
1048 3169 1184 3251 duplex.

259 3378 357 3441 tione.

303 3494 337 3565 11
361 3487 457 3550 Feria
471 3507 508 3549 .v.
525 3485 568 3548 de
583 3493 698 3546 sancta
714 3481 826 3556 Tecta,
843 3500 918 3543 cum
935 3490 1104 3543 nocturno.

302 3606 336 3676 11
361 3599 456 3661 Feria
471 3598 519 3660 .vi.
535 3597 578 3658 de
595 3595 680 3658 sesto
703 3594 773 3657 loci.

302 3718 336 3788 11
361 3711 520 3787 Sabbat0,
535 3709 579 3772 de
595 3716 711 3770 sancta
725 3705 839 3779 Maria,
857 3713 890 3768 et
907 3705 1067 3767 memoria
1082 3703 1124 3766 de
1140 3705 1307 3785 martyre.⁷

293 4070 301 4102 ¹
318 4070 480 4122 dominicalir
498 4068 540 4130 87,
552 4067 592 4118 88.
922 4061 933 4092 ²
950 4063 1008 4112 Nat.
1024 4063 1094 4112 Β.Μ.

291 4137 302 4168 ³
319 4138 364 4188 SS.
380 4135 497 4186 Cornelio
508 4144 533 4184 et
544 4132 672 4198 Cipriano.

292 4202 303 4233 ⁴
321 4206 365 4279 ξε.
383 4202 423 4289 vi,
435 4202 466 4250 de
483 4200 561 4276 vigi:
581 4198 670 4261 Porrif.
694 4208 763 4260 1519.
801 4194 873 4244 “Fe.
893 4192 925 4242 ri.
945 4192 977 4242 de
991 4192 1094 4257 virgi’':
1112 4193 1203 4255 Portrj.
1221 4202 1290 4256 1530.
1329 4191 1471 4244 “Feriav.

260 4264 820 4390 d‘lviii”iiiiiiiissuiieuire‘ihiiniiiirma
921 4322 974 4375 ⁸s.
991 4322 1107 4373 Martha.

292 4398 303 4431 ⁷
320 4399 346 4449 S.
362 4397 483 4448 Firmino.
