3330 5218
524 743 713 827 §mahtim
729 746 770 811 A.
786 747 878 812 xviii.
895 769 949 811 xv.
965 770 999 812 x.
1016 749 1068 811 vii.

241 899 393 983 [Epacte
407 919 438 980 4,
452 901 484 978 6,
498 916 528 980 7,
542 918 565 979 9
577 900 659 981 stylo
673 900 808 982 antiquo
817 926 833 977 ,·
860 889 909 979 ra,
927 918 974 983 13,
994 919 1043 981 14,
1060 915 1109 982 15,
1130 902 1177 980 16,
1197 917 1245 981 17,
1264 902 1303 965 18
1317 899 1400 981 stylo

195 987 354 1051 moderno.
372 988 508 1064 Pascha,
522 987 630 1070 April.
648 986 690 1070 2.]

609 1107 730 1190 Incipit
745 1108 928 1172 secundum
945 1109 987 1172 A.

512 1243 649 1308 ¹Vando
673 1244 751 1308 luna
774 1246 874 1308 currit
889 1264 950 1327 per
971 1242 1019 1320 iit
1040 1246 1093 1308 vii.
1111 1267 1144 1308 x.
1160 1266 1215 1308 xv.
1229 1244 1282 1307 vel
1299 1243 1397 1307 xviii.

195 1296 260 1363 Μ’
276 1290 329 1364 ¹⁵]
382 1243 506 1414 [Q]
554 1341 589 1394 et
604 1332 714 1394 littera
725 1331 934 1395 dominicalis
948 1335 992 1395 Α.
1008 1342 1086 1395 tunc
1103 1332 1281 1395 Dominica
1291 1332 1398 1413 prima

198 1426 275 1499 post
290 1427 429 1481 octauas
446 1417 636 1501 Epiphanie
649 1418 716 1482 vel¹
731 1419 822 1482 xviii.
838 1418 998 1483 kalendas
1014 1417 1177 1496 februarii,
1191 1418 1249 1481 Ad
1272 1419 1397 1501 primas

197 1524 353 1585 vesperas
379 1506 563 1588 antiphona
586 1504 784 1579 Betudictus,
808 1526 884 1568 cum
909 1508 1026 1570 ceteris
1049 1506 1249 1588 antiphonis.
1299 1504 1399 1587 Capi·

199 1591 307 1654 tulum
337 1591 529 1656 Bmcdictus
550 1592 737 1655 Dominus.a
787 1593 1049 1675 Responsorium
1079 1594 1172 1656 Deus
1199 1592 1260 1673 qui
1286 1591 1401 1654 sedes:

200 1679 361 1742 memoria
376 1687 507 1742 tantum
523 1680 565 1741 de
576 1690 693 1743 sancto
710 1680 838 1758 Maur0,
849 1690 883 1743 et
895 1680 938 1743 de
952 1690 1068 1743 sancta
1083 1681 1199 1745 Maria
1239 1680 1278 1742 ln
1294 1677 1400 1741 laudi·

200 1765 273 1841 bus,
301 1785 420 1830 omnes
455 1766 639 1849 antiphone
668 1766 847 1830 dicuntur:
864 1768 1025 1831 memoria
1054 1768 1097 1830 de
1126 1774 1243 1830 sancta
1281 1765 1397 1828 Maria

200 1851 369 1918 Secunde⁴
397 1872 534 1936 vespere
564 1863 660 1917 emnt
689 1855 733 1918 de
761 1854 938 1931 dominica,
961 1864 995 1919 et
1025 1855 1184 1918 memoria
1210 1854 1253 1917 de
1282 1861 1400 1915 sancto

200 1938 370 2018 Marcelle,
385 1949 419 2004 et
434 1941 477 2003 de
492 1949 608 2004 sancta
624 1940 741 2006 Maria.

243 2066 279 2136 (I
301 2060 399 2123 Feria
419 2060 461 2124 .ii.
483 2061 526 2124 de
547 2070 664 2125 sancto
687 2060 855 2126 Marcello.
903 2062 1134 2126 Inuitatorium
1157 2060 1311 2144 simplex,
1334 2069 1401 2124 tres

200 2146 371 2210 lectiones
424 2147 627 2230 Capitulum
683 2148 800 2213 Omnis
825 2150 997 2229 pontrfcx:
1029 2149 1188 2214 memoria
1212 2151 1255 2212 de
1285 2156 1402 2212 sancta

202 2234 321 2311 Maria,
335 2243 370 2298 et
385 2234 428 2297 de
443 2232 610 2299 Omnibus
627 2234 767 2300 Sanctis.
813 2234 978 2300 Secunde⁴
993 2256 1130 2319 vespere
1144 2246 1242 2300 emnt
1257 2236 1300 2298 de
1314 2234 1402 2299 festo

201 2319 275 2397 loci,
289 2331 324 2384 et
340 2322 500 2384 memoria
514 2322 558 2385 de
572 2331 689 2386 sancto
706 2320 863 2405 Sulpicio,
878 2332 913 2387 et
928 2323 970 2386 de
985 2332 1102 2388 sancta
1118 2323 1235 2386 Maria

244 2444 279 2514 ΙΙ
299 2437 411 2501 ‘Feria
425 2438 477 2500 iii.
493 2438 537 2501 de
552 2437 638 2503 festo
652 2437 733 2502 loci:
755 2440 916 2503 memoria
937 2440 981 2503 de
1002 2450 1119 2503 sancto
1142 2439 1295 2522 Sulpitio,
1309 2448 1344 2503 et
1359 2438 1402 2501 de

200 2534 318 2588 sancta
347 2524 465 2588 Maria.
521 2523 689 2589 Secunde⁸
714 2546 850 2608 vespere
880 2535 976 2590 erunt
1006 2527 1049 2592 de
1078 2536 1196 2591 sancta
1224 2526 1341 2604 Maria,
1366 2534 1402 2589 et

201 2612 362 2676 memoria
375 2612 418 2675 de
433 2620 549 2675 sancta
565 2613 677 2675 Prisca
691 2613 817 2696 virgine
831 2624 865 2677 et
880 2624 1033 2697 martyre.

244 2858 279 2928 (I
301 2852 398 2915 Feria
419 2874 458 2916 .v.
480 2854 523 2916 de
545 2862 663 2917 sancto
685 2853 863 2918 Wulstano
887 2855 1045 2937 episcopo
1071 2864 1106 2917 et
1128 2853 1325 2930 confessore,
1346 2852 1402 2915 ix.

198 2939 359 3002 lectiones
374 2940 417 3003 de
440 2941 617 3003 communi
662 2939 829 3005 Secunde⁴
850 2961 987 3024 vespere
1012 2952 1109 3006 erunt
1134 2942 1178 3005 de
1201 2938 1401 3023 martyribus

202 3026 353 3089 Fabiano
375 3035 410 3089 et
433 3026 641 3091 Sebastiano.
687 3027 879 3110 Capitulum
901 3029 1067 3092 Iustorum
1089 3029 1218 3092 anim:
1241 3028 1402 3091 memoria

200 3116 244 3177 de
259 3121 376 3177 sancto
391 3112 577 3190 Wulstano,
594 3124 629 3177 et
643 3115 686 3178 de
697 3125 813 3179 sancta
829 3116 945 3180 Maria

244 3241 279 3311 {1
301 3235 399 3298 Feria
412 3236 462 3300 .vi.
474 3236 518 3299 de
532 3235 733 3317 martyribus
748 3235 899 3300 Fabiano
914 3245 948 3299 et
966 3235 1164 3301 Sebastiano
1176 3237 1230 3299 ix.
1242 3235 1402 3299 lectiones

199 3332 235 3385 et
250 3322 411 3385 memoria
425 3322 468 3385 de
482 3332 600 3387 sancta
616 3324 731 3386 Maria
775 3324 942 3389 Secunde⁴
956 3344 1094 3407 vespere
1109 3333 1206 3388 erunt
1220 3324 1264 3387 de
1285 3329 1401 3385 sancta

202 3408 357 3491 Agnete:
388 3408 581 3490 Capitulum
600 3409 797 3494 Confitebor:
819 3410 919 3494 me[b.
944 3411 1096 3494 v.]moria
1122 3411 1165 3474 de
1189 3409 1401 3492 martyribus⁷

200 3505 235 3558 et
251 3495 293 3558 de
308 3505 426 3559 sancta
441 3495 557 3560 Maria

242 3622 278 3692 {1
300 3615 459 3695 Sabbato,
475 3617 517 3680 de
539 3626 656 3681 sancta
678 3617 821 3701 Agnete‚
836 3618 890 3681 ..ix
906 3617 1072 3694 lectiones,
1086 3617 1159 3680 sine
1180 3615 1400 3699 expositione.

199 3712 234 3766 et
249 3704 409 3766 memoria
424 3704 467 3767 de
489 3712 606 3767 sancta
629 3704 745 3768 Maria
789 3703 848 3767 Ad
871 3706 1047 3768 secundas⁴
1063 3724 1225 3787 vesperas,
1241 3704 1400 3765 memoria

199 3790 243 3852 de
268 3799 385 3853 sancta
408 3789 553 3872 Agnete,
576 3801 610 3854 et
635 3791 678 3854 de
702 3791 876 3866 dominica,
901 3801 936 3856 et
959 3793 1003 3855 de
1028 3801 1144 3854 sancta
1172 3791 1287 3853 Maria
1331 3788 1399 3852 Vbi

199 3875 285 3940 fiunt
299 3885 366 3940 tres
380 3878 722 3956 commemorationes,
737 3879 770 3940 in
786 3878 932 3942 secunda
948 3878 1028 3942 feria
1043 3878 1100 3941 fiet
1116 3878 1254 3960 prima⁸z
1275 3885 1398 3939 ettunc

231 4051 241 4083 ¹
257 4055 379 4105 Praeda
392 4056 421 4104 in
438 4065 469 4117 97
487 4056 542 4104 arrd
554 4068 584 4104 ot
605 4057 636 4119 by
656 4054 726 4106 Nota
744 4056 813 4121 quod
834 4056 935 4122 quaudo
955 4057 1017 4106 hora
1034 4055 1109 4106 currit
1131 4071 1176 4120 per
1196 4071 1246 4114 xv„
1269 4063 1295 4104 et
1317 4053 1399 4104 littera

197 4119 356 4170 dominicalis
366 4120 466 4169 Aetio
482 4121 571 4170 eodem
587 4136 656 4170 anno
671 4121 744 4172 fuerit
761 4123 878 4181 bisextus,
897 4130 956 4171 tunc
967 4121 1103 4186 accipiatur
1119 4121 1154 4170 iii.
1167 4122 1201 4169 A.
1237 4120 1323 4180 (Brea.
1337 4121 1395 4168 Sar.

197 4186 243 4233 but
257 4186 349 4234 witha
366 4186 443 4249 slight
460 4187 610 4245 variatim)
767 4185 784 4239 †
799 4188 855 4237 The
875 4187 975 4236 Golden
994 4187 1098 4235 number
1119 4185 1223 4235 “ii.’'is
1241 4186 1399 4248 erroneously

197 4251 288 4315 placed
298 4250 358 4300 here
365 4250 390 4300 in
401 4251 444 4300 the
455 4250 572 4310 editions,
584 4251 635 4300 and
645 4252 723 4316 ought
734 4260 761 4301 to
771 4253 803 4301 be
814 4252 927 4301 omitted.
964 4253 988 4301 It
999 4253 1103 4316 belongs
1114 4261 1140 4300 to
1151 4253 1271 4300 Pn'mum
1282 4251 1315 4299 A.

230 4313 360 4366 ’καίνει
371 4334 378 4365 r
390 4316 492 4365 buthoc
503 4325 557 4366 est:
574 4327 616 4378 97,
628 4329 669 4367 01.
704 4317 799 4367 scilicet
801 4318 850 4382 sor
859 4318 916 4367 vel:
933 4316 975 4378 87,
987 4316 1028 4377 88,
1041 4318 1085 4380 leg.
1102 4316 1173 4365 ‘viu'

229 4377 335 4430 'deusz
352 4380 403 4442 873
419 4382 474 4440 ds.;
491 4379 531 4430 88.
858 4381 868 4412 ⁴
885 4382 1014 4432 Secunde:
1031 4399 1078 4431 om.
1092 4381 1133 4442 87,
1146 4380 1186 4431 88.

230 4441 284 4481 ’Δ
299 4461 346 4493 om.
360 4445 400 4507 87,
413 4446 454 4497 88.
861 4445 872 4479 ⁷
888 4448 914 4498 S.
930 4447 1053 4509 Fabiano,
1065 4458 1112 4497 etc.

228 4508 300 4560 'fiat
310 4527 379 4561 una:
396 4510 438 4573 87,
449 4510 489 4561 88.

1203 4592 1267 4640 ΕΖ
