3316 5220
562 451 804 512 ollamus).
838 450 906 500 mu.
919 451 1005 501 aaut,
1018 452 1037 502 i.
1351 465 1399 516 307

244 653 250 665 .
365 609 400 679 (Ι
424 604 616 667 ¹Dominica
631 604 684 666 .iii.
699 613 778 687 post
801 604 927 667 Pascat
950 612 1059 667 totum
1087 604 1130 668 de
1145 615 1261 668 sancta
1284 604 1397 669 Cruce.

191 656 252 709 Μαι
265 652 304 725 3']
365 691 437 753 2Αά
453 693 579 774 primas
594 711 758 773 vesperas
775 690 922 753 solennis
938 692 1100 753 memoria
1115 692 1158 754 de
1174 692 1400 774 martyribus,³

188 787 223 840 et
237 778 281 841 de
296 779 483 842 dominica:
507 779 629 842 deinde
645 778 811 862 processio
827 776 907 840 fiat.²
963 777 1018 840 Ad
1035 779 1224 855 matutinas,
1241 782 1400 842 memoria

188 865 231 928 de
254 865 479 948 martyribus⁸
501 865 686 948 antiphona
708 864 786 927 Lux
798 874 955 945 perpetua
975 866 1091 942 minor,
1114 876 1149 929 et
1173 867 1334 929 memoria
1356 867 1400 929 de

188 952 365 1029 dominica,
381 955 462 1016 non⁴
477 954 520 1015 de
535 952 781 1015 resurrectione.

231 1076 266 1146 (Ι
289 1071 387 1220 Ferila
423 1073 463 1136 .ii.
502 1072 544 1135 de
590 1071 677 1135 seria
738 1072 965 1153 Responsoria
1010 1071 1145 1154 Dignus
1187 1093 1229 1139 es.
1290 1074 1397 1136 Missa

189 1156 358 1221 dominica
373 1160 408 1221 is,

231 1267 266 1337 (Ι
289 1262 387 1325 Feria
402 1262 453 1325 iii.
470 1262 513 1325 de
529 1261 614 1325 sesto
630 1262 702 1325 loci.

232 1502 267 1572 (Ι
292 1497 389 1560 Feria
403 1519 442 1560 .v.
458 1497 501 1560 de
516 1506 633 1560 sancto
652 1497 802 1560 Iohanne
817 1496 1000 1560 beuerlaco.

232 1623 267 1693 (Ι
291 1618 388 1680 Feria
402 1618 452 1681 .vi.
469 1619 512 1680 de
528 1616 615 1681 seria
662 1618 889 1699 Responsoria
912 1618 1140 1699 Vtiliportam.

232 1735 267 1805 (Ι
291 1728 452 1807 Sabbato‚
468 1730 510 1792 de
525 1740 642 1793 sancta
659 1730 776 1793 Maria.

231 1848 266 1918 (Ι
288 1842 357 1906 Vbi
396 1841 481 1905 hunt
518 1852 585 1906 tres
614 1843 959 1919 commemorationes,
990 1844 1023 1905 in
1053 1843 1103 1906 .vi.
1134 1842 1215 1906 feria
1245 1843 1305 1908 fiat
1333 1865 1399 1909 vna

190 1930 474 1993 commemoratio.
536 1929 582 1992 Et
612 1938 691 1992 tunc
723 1930 756 1991 in
787 1930 828 1995 ji.
859 1928 940 1993 seria
970 1931 1104 1994 dicitur⁸
1135 1930 1398 2015 Responsorium

200 2016 281 2080 Vidi
284 2026 427 2099 portam.

366 2127 617 2204 11⁷Dominica
646 2126 709 2191 iiii.
741 2138 819 2209 post
849 2128 973 2191 Pascat
1010 2138 1120 2192 totum
1143 2130 1187 2192 de
1224 2129 1399 2194 dominica.

194 2177 253 2233 Mai
270 2175 324 2248 ω’]
367 2215 523 2277 Tercium
540 2215 785 2296 responsorium
802 2236 823 2277 a
838 2215 969 2278 duobus
984 2225 1145 2281 cantetur.
1191 2217 1231 2280 In
1248 2217 1400 2282 laudibus

191 2320 256 2363 vna
271 2301 481 2383 antiphona:
504 2301 667 2363 memoria
681 2302 724 2364 de
741 2302 967 2384 martyribus.⁸

232 2418 267 2488 (Ι
291 2413 388 2477 Feria
399 2413 440 2478 ii.
449 2413 492 2475 de
508 2411 598 2477 seria.
629 2413 857 2495 Responsoria
867 2414 1030 2477 Narrabo.
1062 2414 1168 2478 Missa
1183 2416 1399 2480 dominicalis.

233 2530 268 2600 (Ι
292 2526 390 2588 Feria
427 2525 479 2589 iii.
518 2525 563 2587 de
607 2525 832 2606 martyribus,9
867 2526 1101 2590 Inuitatorium
1139 2527 1289 2612 duplex:
1333 2538 1400 2592 tres

190 2612 350 2675 lectiones
365 2613 436 2675 sine
452 2612 612 2694 regimine
628 2613 728 2676 chori

231 2730 267 2800 (Ι
290 2725 319 2787 F
319 2725 389 2787 eria
402 2724 466 2789 .iiii.
481 2725 525 2788 de
541 2723 629 2787 seria
676 2724 905 2808 Responsoria
919 2724 1102 2806 Hymnum.

232 2843 267 2913 (Ι
291 2837 389 2901 Feria
403 2858 441 2900 .v.
457 2836 500 2899 de
516 2835 603 2900 sesto
618 2836 689 2901 loci

232 2955 267 3025 (Ι
289 2949 388 3013 Feria
402 2950 452 3014 .vi.
468 2950 512 3012 de
527 2948 617 3012 seria.
663 2949 891 3031 Responsoria
906 2948 1021 3012 Deduc
1034 2970 1091 3013 me.

232 3067 266 3138 (Ι
290 3059 452 3136 Sabbato,
468 3060 511 3123 de
525 3070 641 3125 sancta
658 3062 775 3126 Maria

223 3273 232 3305 ¹
251 3276 302 3336 “OE
318 3271 453 3322 Dominica
469 3272 504 3336 iij.
523 3273 557 3322 de
572 3272 678 3322 seruicio
696 3270 849 3323 dominicali.
868 3273 1051 3339 responsorium
1068 3273 1101 3321 Si
1114 3275 1212 3324 oblitus.
1231 3274 1351 3325 memoria
1367 3276 1399 3325 de

288 3338 446 3401 martyribus,
458 3338 528 3388 etde
538 3337 673 3388 dominica.

257 3404 331 3455 ucria
341 3404 365 3468 ij.
377 3403 421 3468 iiij.
435 3412 460 3452 et
472 3404 506 3467 vj.
520 3404 552 3452 de
563 3403 633 3453 feria.
646 3404 801 3468 responsoria
817 3404 849 3453 de
861 3403 886 3469 ij.
900 3403 935 3469 iij.
948 3413 974 3453 et
985 3404 1029 3469 iiij.
1044 3404 1113 3456 feria.

256 3469 331 3520 Feria
341 3485 364 3518 v.
379 3478 404 3518 et
415 3468 520 3518 sabbato
531 3469 564 3517 de
574 3469 862 3519 commemoracionibus.

257 3536 285 3585 Si
300 3534 392 3584 inerint
402 3533 427 3598 iij
440 3534 703 3593 commemoraeiones,
720 3534 746 3583 in
757 3535 789 3598 vj.
804 3534 866 3584 feria
876 3534 920 3583 fiat
930 3551 980 3584 vna
989 3534 1231 3598 dommemomcio]

257 3600 387 3676 Feriaiij.
403 3599 437 3649 de
453 3598 611 3675 martyribus.
647 3600 821 3675 Inuitatorinm
837 3599 940 3675 duplex3
959 3610 984 3650 et
1006 3600 1042 3650 sic
1064 3600 1101 3661 [in
1117 3602 1246 3665 omnibus]
1261 3601 1331 3653 iestis
1345 3602 1399 3653 sine

222 3729 279 3768 o
290 3664 492 3791 nauum
503 3680 580 3729 et
591 3666 624 3714 “¹
635 3673 751 3715 “m
762 3666 875 3780 ma
897 3666 1193 3791 haiatham
1203 3742 1228 3783 t
1240 3733 1390 3784 nant

222 3795 235 3827 ⁴
250 3797 295 3847 sed
306 3795 384 3861 before
394 3810 463 3845 non:
480 3793 522 3856 87,
534 3794 575 3845 88.
830 3793 841 3825 ⁶
856 3804 915 3845 ante
926 3805 991 3861 port.
1005 3796 1075 3845 latin.

221 3859 373 3912 ‘dieanturz
390 3859 433 3921 87,
444 3858 485 3909 88.

225 3927 236 3960 ⁷
254 3925 456 3989 “01Dominica
478 3924 522 3990 iiij.
541 3925 574 3975 de
590 3924 696 3975 seruicio
717 3924 862 3976 dominicali
882 3926 929 3987 [et]
945 3926 1065 3975 memoria
1085 3928 1118 3977 de
1139 3927 1340 3980 resurreccione:
1357 3939 1397 3990 77.

291 3993 311 4053 Ι*
323 3994 353 4043 ln
371 3992 486 4042 laudibus
502 4007 590 4041 omnes
604 3991 742 4057 antiphone
758 3991 892 4042 dicuntur!
924 3993 981 4042 add.
996 3992 1157 4058 Gascoigne„
1176 3994 1234 4045 MS.
1248 3994 1310 4045 Brit.
1330 3995 1397 4044 Mus.

260 4069 335 4173 nih
345 4057 418 4199 iffi}
433 4121 718 4198 ieiupip'responsorium
730 4123 880 4183 [Narrate]

260 4188 334 4238 Feria
349 4188 394 4254 uij.
412 4188 446 4238 de
464 4188 558 4252 vigilia.
577 4187 733 4252 responsoria
743 4195 869 4252 ymprmm
886 4187 1016 4250 [cantata]
1048 4190 1120 4238 Deus
1135 4191 1270 4241 canticum.
1303 4190 1402 4241 Dicant

259 4270 407 4381 ffisufsecmt
423 4317 474 4394 iij.]
489 4317 726 4393 eomemoraciones,
737 4317 764 4367 in
781 4317 807 4382 ij.
827 4318 887 4368 feria
898 4317 1013 4368 dicantur
1023 4319 1179 4384 responsoria
1190 4320 1222 4370 de
1233 4320 1268 4384 iij.
1281 4319 1352 4380 seria,
1365 4322 1401 4381 [et

292 4383 318 4434 in
330 4385 389 4448 mu]
400 4384 460 4434 teria
471 4383 567 4432 dioatur
579 4399 762 4448 responsorium
774 4384 869 4433 Deduc.
883 4400 939 4433 cum
951 4385 1049 4434 duobus
1059 4386 1228 4450 sequentibus,
1242 4387 1290 4447 [et]
1300 4401 1401 4452 respon·

293 4449 386 4500 sotium
397 4450 495 4498 Dicant
505 4464 575 4497 nunc
585 4448 807 4514 pretermittatur.'’
841 4460 880 4510 77.

226 4512 302 4567 ⁸88.
317 4514 446 4565 Gordiano
456 4522 482 4565 et
493 4512 642 4578 Epimacho.
848 4512 921 4566 ⁰55.
936 4515 1029 4577 Nereo,
1042 4515 1194 4567 Achilleoet
1206 4515 1346 4567 Pancmtio·

1246 4597 1272 4646 X
1296 4598 1315 4646 2
