3326 5208
271 435 317 498 198
578 434 853 487 DIRECTORIUM
881 435 1147 486 SAcERDOTUM.

310 594 345 664 (Ι
369 589 465 652 Feria
480 588 530 652 .iii.
546 589 589 651 de
604 597 721 652 sancto
738 587 906 664 Aldelmo,
922 588 967 652 ix.
983 589 1161 652 lectiones:
1186 589 1298 652 Medic
1316 588 1475 652 lectiones

268 675 311 738 de
328 678 493 758 martyre,¹
510 686 543 739 et
560 677 721 739 memoria
735 675 778 737 de
793 674 942 739 octauis.²

310 792 344 862 (Ι
368 788 466 850 Feria
480 787 542 851 iiii.
559 788 601 850 de
617 795 733 850 sancto
749 787 951 869 Augustino
969 786 1109 850 Inferius
1129 787 1277 870 duplex:
1301 784 1476 850 memoria³

266 873 309 945 de
324 874 465 938 octauis²
480 875 543 937 sub
558 874 697 938 silentio.
744 873 801 936 Ad
817 894 972 957 vesperas
994 875 1056 937 erit
1078 873 1223 937 solennis
1247 875 1408 938 memoria
1430 875 1474 937 de

266 971 385 1025 sancto
401 961 601 1045 Augustino,

311 1079 345 1149 (Ι
368 1074 464 1135 Feria
480 1095 516 1136 .v.
532 1072 653 1136 festum
680 1072 837 1154 Corporis
863 1071 995 1150 Christi,
1020 1073 1125 1136 maius
1149 1073 1284 1155 duplex.
1342 1073 1399 1136 Ad
1423 1093 1474 1136 se-

268 1161 395 1222 cundas
416 1180 581 1243 vesperas,
604 1160 733 1242 psalmi,
748 1160 903 1242 hymnus,
919 1170 954 1222 et
976 1161 1165 1237 versiculus,
1180 1162 1265 1224 sicut
1287 1160 1334 1222 in⁴
1350 1161 1474 1242 primas

267 1243 448 1329 vesperas't.
516 1246 562 1309 Et
593 1248 639 1309 ita
662 1267 721 1330 per
751 1257 839 1310 totas
862 1255 1007 1323 octauas,
1038 1247 1175 1329 quando
1203 1248 1247 1311 de
1277 1248 1404 1311 octauis
1435 1245 1474 1308 fit

267 1334 450 1397 seruicium.
497 1333 573 1396 Non
591 1334 711 1396 dicitur
725 1353 838 1396 versus
857 1333 971 1397 Gloria
993 1334 1062 1410 tibi,
1077 1334 1225 1414 Domine,
1242 1335 1315 1398 Nisi
1338 1334 1475 1417 quando

267 1421 310 1484 de
325 1421 466 1485 octauis⁵
482 1419 518 1483 fit
533 1421 708 1483 seruicium
724 1430 864 1485 tanturn.

309 1539 344 1609 (Ι
367 1533 396 1596 F
397 1533 464 1595 eria
480 1533 528 1596 .vi.
544 1533 587 1595 de
602 1532 743 1596 octauis⁶
758 1544 792 1596 et
809 1533 968 1596 memoria
984 1533 1026 1596 de
1041 1543 1157 1596 sancto
1179 1532 1359 1609 German0,
1374 1541 1409 1596 et
1430 1532 1475 1594 de

265 1620 393 1684 octauis
409 1620 591 1683 Trinitatis,
638 1619 694 1682 Ad
706 1621 899 1683 memoriam
921 1621 964 1684 de
984 1621 1113 1683 octauis
1125 1621 1158 1683 in
1171 1621 1263 1685 festis
1273 1632 1474 1696 sanctorum,

266 1707 324 1857 ἑά
341 1727 505 1877 vesperas,
520 1706 701 1770 versiculus
716 1707 844 1770 Panem
858 1706 899 1769 do
911 1707 980 1783 celo,
995 1717 1029 1771 ct
1045 1707 1087 1771 ad
1102 1708 1282 1771 matutinas
1294 1705 1474 1771 versiculus

299 1805 385 1858 osnrt
416 1808 485 1857 nos.

278 1913 281 1919 ’
309 1912 343 1982 (Ι
367 1906 413 1969 Et
436 1905 586 1988 quotidie
611 1926 670 1988 per
694 1908 852 1983 octauas,³
877 1915 911 1969 et
935 1906 967 1968 in
993 1915 1121 1981 octaua,
1145 1906 1265 1971 dicitur
1299 1906 1475 1989 sequentia

266 1993 346 2056 Ecce
352 1994 455 2075 ponor
469 1994 666 2074 angolonnn,
681 1995 817 2075 quando
833 1993 875 2056 de
890 1993 1017 2056 octauis
1033 1992 1070 2056 fit
1087 1993 1195 2056 missa.

308 2111 342 2181 (Ι
366 2104 526 2179 Sabbato,
537 2106 579 2168 de
594 2105 735 2168 octauis⁵
750 2127 758 2183 ;
781 2115 816 2168 et
826 2105 987 2168 memoria
1001 2105 1045 2167 de
1060 2106 1188 2169 octauis
1197 2103 1380 2169 Trinitatis.
1418 2104 1475 2168 Ad

265 2212 421 2274 vesperas
446 2191 619 2255 inchoetur
645 2192 782 2255 historia
813 2212 890 2256 cum
926 2191 1110 2276 antiphona
1136 2192 1289 2274 Loquere,
1312 2191 1477 2255 Domine:

267 2280 427 2342 memoria
442 2279 485 2342 de
500 2278 673 2357 Trinitate,
689 2288 723 2342 et
738 2279 905 2362 processio
921 2278 979 2344 fiat
994 2290 1073 2343 ante
1088 2300 1227 2343 crucem.

443 2397 477 2467 (Ι
501 2391 680 2454 Dominica
702 2442 709 2455 .
732 2391 840 2474 prima
876 2402 952 2474 post
982 2391 1103 2455 festum
1138 2390 1261 2457 Sancte
1291 2389 1475 2463 Trinitatis

268 2442 337 2510 May
350 2438 405 2511 3⁰¹]
444 2486 553 2541 totum
578 2479 620 2541 ‹le
643 2480 771 2542 octauis
799 2478 954 2561 Corporis
976 2478 1123 2542 Christis
1169 2479 1305 2542 Nonum
1324 2479 1477 2559 Respon-

266 2563 390 2626 sorium
407 2584 427 2626 a
443 2566 573 2628 duobus
588 2576 748 2630 cantetur.
795 2566 900 2628 Missa
911 2566 1118 2629 dominicalis
1128 2567 1161 2629 in
1177 2565 1324 2648 capitulo
1335 2565 1476 2628 dicitur!

268 2650 323 2713 Ad
341 2651 494 2733 primam,
508 2652 693 2735 antiphona
714 2653 758 2715 To
772 2653 851 2717 inre.

310 2768 344 2838 (Ι
367 2763 464 2826 Feria
479 2764 517 2828 .ii.
534 2764 577 2827 de
603 2765 762 2828 octauis⁵z
783 2764 964 2829 versiculus
988 2774 1022 2828 et
1048 2764 1273 2848 Responsoria
1298 2765 1342 2827 de
1367 2762 1477 2847 primo

267 2860 449 2914 nocturno:
473 2853 634 2914 memoria
649 2852 692 2914 de
707 2863 823 2916 sancta
840 2851 1026 2916 Petronilla.

310 2967 344 3037 (Ι
368 2962 465 3025 Feria
481 2963 531 3027 iii.
548 2963 591 3027 de
606 2963 756 3028 octauis.⁵
794 2964 1020 3047 Responsoria
1035 2967 1077 3028 de
1092 2965 1241 3028 secundo
1256 2972 1427 3038 nocturne,
1442 2970 1478 3024 et

268 3050 429 3112 memoria
444 3052 487 3113 de
503 3061 619 3114 sancto
636 3051 828 3116 Nicomede.

311 3167 345 3237 (Ι
369 3161 465 3224 Feria
487 3163 550 3227 iiii.
574 3164 617 3226 de
639 3163 790 3228 octauis.⁵
850 3164 1076 3247 Responsoria
1099 3164 1141 3226 de
1165 3163 1268 3226 tercio
1294 3172 1478 3239 nocturn0;

269 3249 430 3312 memoria
460 3250 503 3312 de
534 3251 757 3332 martyribus⁸
824 3251 880 3314 Ad
911 3271 1076 3334 vesperas,
1100 3252 1160 3314 hec
1190 3250 1263 3313 sola
1292 3248 1479 3331 antiphona

270 3334 449 3435 Sacerdos:
471 3338 602 3418 psalmi,
627 3337 783 3420 hymnus,
806 3348 840 3402 et
864 3337 1066 3415 versiculus,⁹
1092 3339 1178 3401 sicut
1202 3338 1236 3400 in
1262 3337 1378 3421 primis
1404 3355 1477 3398 ves·

268 3442 364 3505 pens.

310 3540 344 3610 (Ι
369 3535 465 3598 Feria
488 3557 526 3600 .v.
553 3535 595 3598 de
620 3539 761 3614 octaua,⁸
794 3536 1028 3601 Inuitatorium
1054 3537 1186 3621 triplex.
1233 3535 1290 3599 Ad
1315 3533 1478 3598 secundas

268 3642 433 3705 vesperas,
470 3622 654 3705 antiphona
693 3624 866 3705 Sapientia
889 3674 896 3687 .
919 3625 1068 3708 psalmus
1105 3623 1206 3687 Dicit
1241 3622 1415 3699 Dominus,
1445 3629 1480 3683 et

269 3709 370 3771 ceteri
407 3710 526 3792 psalmi
558 3721 677 3773 octauc
700 3761 707 3775 .
733 3712 891 3793 Hymnus
937 3711 1052 3775 Sacris
1087 3710 1262 3774 solenniis:
1299 3707 1480 3772 versiculus

269 3794 419 3860 Panem:
441 3796 626 3878 antiphona
644 3796 816 3861 Osacrnm
827 3822 840 3863 .·
863 3798 1023 3862 memoria
1038 3799 1081 3862 de
1096 3799 1181 3862 sesto
1197 3797 1267 3861 loci.

301 4157 311 4189 ¹
329 4160 355 4210 S.
369 4159 480 4210 Vrbnno.
909 4159 920 4192 ²
936 4160 1104 4213 S.Trinitatis.

301 4223 313 4253 ³
329 4234 353 4274 et
365 4225 443 4283 infore
454 4225 591 4278 memoria:
608 4239 649 4278 01.
907 4226 918 4257 ⁴
934 4228 967 4277 ad
971 4228 1020 4292 for
1030 4227 1072 4277 in:
1089 4225 1130 4288 87,
1148 4224 1187 4274 88

301 4288 312 4318 ⁶
329 4290 447 4355 Corporis
458 4291 559 4341 Christi.

282 4418 286 4425 Ι
301 4352 312 4384 ⁰
329 4365 408 4405 totum
420 4354 549 4406 seruitium
559 4356 592 4406 de
603 4354 731 4422 teorpore
743 4355 854 4408 Christi:
872 4357 947 4407 Bran.

301 4418 312 4451 i
329 4420 426 4470 dicatur
436 4434 451 4471 :⁴
460 4419 500 4470 88.
905 4421 972 4474 ⁸SS.
988 4422 1152 4472 Marcelliano
1163 4429 1187 4471 et
1205 4422 1285 4470 Petro.

301 4483 313 4515 ⁹
329 4495 355 4535 et
365 4494 464 4537 ceteras
480 4487 536 4536 ani.
551 4485 592 4549 87,
605 4485 645 4536 88.
