3330 5218
538 448 701 500 aarum!
716 451 751 499 e.
769 450 824 500 avt.
842 451 903 499 aas.
922 466 946 500 v.
966 451 996 498 a.
1340 461 1374 516 ⁴5

211 606 246 677 {I
269 601 365 664 Feria
381 600 422 663 ii.
437 601 481 663 de
490 599 577 664 festo
587 601 658 676 loci,
667 612 701 665 et
717 604 879 665 memoria
891 603 933 664 de
946 598 1167 684 martyribus.¹
1206 601 1373 667 Secunde²

164 707 306 770 vespere
339 698 436 751 erunt
470 689 513 751 de
547 698 666 752 sancto
702 688 879 764 Eduardo,
913 688 1099 771 antiphona
1134 688 1200 751 Iste
1233 701 1372 754 sanetus.

167 774 363 857 Capitulum
379 775 502 838 Beatus
516 774 573 837 vi‘r
587 773 674 857 [qui]
690 776 726 838 in
740 776 910 858 sapientia.
963 776 1233 859 Responsorium,
1249 777 1374 841 Beatus

166 862 225 924 vir
236 860 448 943 quisuffert.⁸
493 860 596 925 Nulla
611 861 668 926 fiet
683 865 852 927 memoria

212 986 246 1056 (
270 981 366 1044 Feria
392 981 444 1045 iii.
470 983 513 1045 de
542 991 660 1044 sancto
688 982 856 1046 Eduardo
871 1034 878 1049 .
894 1002 1017 1046 nouem
1048 981 1208 1046 lectiones
1238 986 1280 1048 de
1306 984 1375 1048 alio

165 1066 263 1131 sesto
328 1067 522 1150 Capitulum
536 1069 660 1132 Beatus
681 1069 744 1146 uir,
765 1070 827 1151 qui
843 1071 878 1133 in
899 1070 1069 1151 sapientia,
1091 1070 1149 1133 Ad
1172 1070 1212 1133 vi.
1273 1070 1372 1155 Capi·

167 1153 277 1217 tulum
306 1153 445 1230 Cibauit,
474 1155 530 1219 Ad
557 1155 603 1219 ix.
661 1155 854 1238 Capitulum
881 1156 930 1220 Et
944 1157 1149 1240 firmabitur.
1206 1156 1375 1222 Secunde²

167 1261 306 1323 vespere
329 1253 425 1306 erunt
441 1243 484 1306 de
499 1252 616 1306 sancta
632 1243 762 1306 Maria.
778 1255 811 1308 et
827 1245 989 1307 memoria
1004 1244 1048 1307 de
1064 1254 1179 1308 sancto
1196 1244 1374 1309 Eduardo

168 1447 355 1529 antiphona
369 1448 493 1512 Beatus
513 1449 575 1512 νίν.
621 1447 814 1531 Capitulum
836 1450 904 1513 Iste
925 1459 1063 1513 sanctus.
1110 1451 1372 1532 Responsorium

168 1534 391 1616 Perceptunes.
437 1535 546 1618 Super
574 1535 775 1619 Magnificat
802 1536 988 1619 antiphona
1018 1539 1093 1600 Aue
1115 1536 1376 1619 prothomartyr,

169 1630 205 1684 et
220 1623 343 1685 dicitur
357 1622 400 1685 ad
416 1621 477 1686 has
492 1642 648 1711 vesperas
669 1633 808 1686 tanturn.

211 1747 247 1817 ΙΙ
270 1741 368 1805 Feria
382 1764 420 1806 .v.
432 1745 476 1806 de
490 1751 608 1805 sancto
623 1743 767 1820 Alban0,
788 1743 834 1805 ix.
858 1743 1025 1820 lectiones,
1048 1743 1120 1805 sine
1142 1745 1375 1826 expositione.

168 1828 214 1891 iia
240 1829 501 1912 Responsorium
524 1828 744 1911 Perceptums.
792 1830 830 1893 In
846 1829 1009 1906 laudibus,
1026 1839 1060 1893 et
1074 1831 1117 1893 ad
1133 1830 1176 1895 iii
1191 1832 1373 1914 capitulum

170 1915 238 1978 Iste
270 1926 410 1979 sanctus.
480 1916 537 1980 Ad
579 1925 724 1985 sextam.
759 1917 952 1999 capitulum,
981 1916 1048 1980 Iste
1086 1918 1242 2000 cognouit.
1313 1918 1371 1982 Ad

170 2002 216 2065 ix.
246 2003 441 2086 capitulum,
476 2002 608 2067 Stolos.⁴
653 2002 808 2067 Secunde
842 2024 978 2085 vespere
1014 2014 1110 2067 erunt
1141 2005 1183 2068 de
1214 2004 1309 2083 sesto,
1338 2016 1375 2069 et

170 2091 332 2153 memoria
347 2090 390 2153 de
405 2102 521 2154 sancta
537 2089 742 2153 Etheldreda
757 2091 883 2173 virgine
899 2111 965 2153 non
982 2102 1136 2172 martyre.

213 2215 248 2286 εἷ
272 2210 368 2272 Feria
382 2210 434 2273 ,vi
448 2210 490 2273 de
505 2220 623 2272 sancta
638 2209 852 2286 Etheldreda,
868 2209 910 2272 iii.
926 2209 1094 2286 lectiones,
1108 2230 1184 2273 cum
1201 2220 1375 2287 nocturno,

170 2307 307 2380 propter
328 2297 627 2378 vigilias.tercium
652 2298 914 2379 Responsorium
939 2297 1090 2380 Regnum
1115 2296 1239 2360 oriundi.
1294 2298 1372 2362 Non

170 2383 291 2447 dicitur
311 2384 356 2447 Te
369 2383 486 2446 deum.⁶
531 2383 725 2466 Capitulum
744 2383 814 2462 Qui
820 2384 996 2466 gloriatur.

214 2511 248 2581 (I
271 2502 431 2579 Sabbata,
453 2503 495 2567 de
518 2513 635 2567 sancto
660 2504 810 2567 Iohanne
833 2504 989 2586 baptista,
1012 2504 1121 2566 minus
1145 2504 1280 2586 duplex
1327 2507 1373 2570 Et

171 2592 254 2655 fiant
276 2601 396 2654 octaue
416 2591 488 2654 sine
508 2591 669 2673 regimine
695 2591 794 2653 chori.
839 2590 896 2653 Ad
919 2591 1097 2653 secundas⁶
1123 2611 1279 2674 vesperas
1301 2592 1373 2657 liat'

172 2679 332 2741 memoria
356 2677 418 2741 sub
442 2678 574 2741 silentio
600 2678 643 2740 de
670 2677 838 2741 dominica
864 2686 898 2740 et
922 2678 965 2740 de
991 2677 1164 2753 Trinitate,
1191 2680 1250 2743 sed
1281 2680 1375 2744 nulla

172 2766 339 2848 processio
354 2774 433 2827 ante
453 2784 594 2829 crucem.

347 2885 583 2960 [Dominica
605 2885 669 2947 iiii.
693 2883 828 2947 historie
858 2884 950 2947 Deus
978 2885 1134 2960 omnium,
1163 2885 1206 2948 de
1235 2887 1374 2950 seruitio

170 2932 312 3005 lumi]
348 2970 559 3034 dominicali:
595 2973 758 3034 memoria
788 2982 822 3034 et
852 2970 961 3033 medie
992 2970 1151 3034 lectiones
1182 2972 1225 3036 de
1254 2983 1371 3037 sancto

173 3056 332 3131 Iohanne,
358 3068 392 3121 et
419 3058 573 3121 dicuntur
595 3058 773 3121 versiculus
793 3068 828 3121 et
852 3058 1076 3140 Responsoria
1099 3059 1141 3121 de
1163 3059 1272 3141 primo
1294 3081 1372 3123 noc-

170 3154 278 3219 turne,
309 3165 384 3208 cum
421 3146 646 3228 Responsorio
675 3145 878 3226 Priusquam
894 3194 901 3208 .
917 3145 963 3208 ix.
995 3146 1256 3227 Responsorium
1289 3144 1373 3224 Quis

169 3231 256 3293 deus.
306 3232 343 3294 ln
360 3232 522 3309 laudibus,
537 3252 602 3295 vna
617 3232 822 3315 antiphona:
839 3232 998 3294 memoria
1015 3232 1057 3294 de
1075 3243 1191 3295 sancto
1210 3233 1374 3297 lohanne⁸

170 3319 357 3401 antiphona
392 3319 488 3382 Inter
519 3321 634 3382 natos.⁹
692 3319 842 3401 Vespere
876 3327 972 3382 erunt
1004 3319 1047 3381 de
1081 3320 1257 3397 dominica,
1295 3341 1370 3383 cum

170 3406 333 3469 memoria
363 3403 405 3469 de
434 3406 557 3470 sanctis
595 3405 743 3469 Iohanne
773 3415 806 3468 et
839 3405 950 3481 Paulo,
979 3415 1013 3469 et
1043 3407 1086 3469 de
1116 3418 1236 3470 octaua
1265 3410 1373 3472 sancti

172 3491 340 3556 Iohannis.

203 3751 277 3804 ¹58.
291 3751 598 3803 GeruasioetProthnsio.
859 3748 1019 3801 tsecunde:
1035 3767 1082 3801 ont.
1097 3750 1139 3813 87,
1151 3750 1190 3802 88.

204 3817 216 3849 ⁸
231 3820 400 3877 tentationem,
417 3820 537 3883 qouniam
558 3834 613 3866 cum
627 3816 746 3881 prohatus
757 3815 845 3880 suerit
865 3817 968 3879 accipiet
983 3833 1096 3864 saonam
1114 3818 1180 3866 vt'te:
1201 3816 1241 3867 08.
1261 3819 1313 3868 add
1328 3820 1371 3869 the

169 3883 312 3933 remainder
327 3885 357 3933 oi
370 3884 413 3933 the
429 3882 603 3932 catch-words.
638 3883 699 3931 Ant.
713 3882 763 3930 Iste
775 3888 884 3940 sanctus,
897 3882 972 3929 Brea.
987 3883 1044 3929 Sar.
1059 3881 1084 3930 ii.
1099 3893 1155 3944 371.
1202 3883 1264 3946 Cap.
1279 3884 1373 3933 Beatus

170 3949 217 3998 uir
234 3951 282 4013 qui
298 3950 395 4015 auffert,
415 3948 440 3999 ii.
462 3959 518 4010 371.
554 3948 616 4012 Cap.
639 3947 734 3997 Beatus
752 3948 796 3995 m'r
812 3947 905 4010 quiin
924 3946 1057 4059 sapientia,
1078 3946 1103 3996 ii.
1127 3958 1184 4009 372,
1206 3947 1261 4011 386.
1305 3950 1368 4015 Cap.

174 4014 285 4073 caena,
299 4013 315 4064 i.
329 4013 442 4073 omvii3
460 4014 493 4062 iii.
508 4011 563 4077 285.
600 4012 663 4076 Cap.
681 4012 878 4075 Btfirntabitur‚
891 4011 916 4060 ii.
931 4024 946 4075 3
964 4011 987 4060 6.

203 4080 278 4144 ‘qui
293 4080 381 4145 suffert
402 4079 580 4129 tentationum:
620 4078 732 4126 uoniam.
774 4077 935 4125 maditatis
956 4076 1044 4125 induit
1064 4093 1120 4126 eum
1143 4077 1289 4127 Dominus:
1312 4081 1370 4129 add.

169 4145 213 4196 08.
249 4144 285 4194 Ca
305 4147 394 4194 .Srota
405 4144 575 4202 iocernditatis,
617 4159 667 4191 reo.
682 4144 739 4191 Sar.
754 4141 779 4191 ii.
794 4142 849 4205 385.

204 4210 216 4241 ⁰
238 4211 244 4220 ‘
335 4206 694 4259 usteDomr'num:add.08.
774 4210 778 4215 “

203 4274 370 4325 ‘secundm
387 4292 434 4324 om.
447 4287 488 4323 01.
793 4270 882 4321 tfiatz
898 4288 946 4320 om.
960 4270 999 4321 88.

204 4340 263 4391 ⁸R.
287 4343 450 4405 Priusquam,
469 4339 545 4388 Brea.
566 4338 625 4387 Sar.
648 4337 682 4386 iii.
705 4349 761 4401 352.
809 4338 841 4387 R.
865 4338 929 4398 Quis
949 4338 1027 4398 Deus,
1048 4337 1064 4386 i.
1085 4337 1170 4387 mxlix.
1217 4341 1277 4389 Ant
1301 4342 1377 4389 Inter

171 4415 251 4468 nuos,
263 4407 297 4483 iii1
313 4416 370 4470 353,
382 4406 438 4467 967·
594 4470 599 4480 ,

203 4472 216 4504 ⁹
231 4475 365 4522 nrrelrerum
377 4487 427 4519 non
437 4477 550 4519 mereant
561 4484 646 4516 minor
656 4467 785 4516 Iohanne:
800 4468 856 4516 aaa
867 4466 907 4517 08.
