<?xml version="1.0" encoding="UTF-8"?>
<!DOCTYPE html PUBLIC "-//W3C//DTD XHTML 1.0 Transitional//EN"
    "http://www.w3.org/TR/xhtml1/DTD/xhtml1-transitional.dtd">
<html xmlns="http://www.w3.org/1999/xhtml" xml:lang="en" lang="en">
 <head>
  <title>
</title>
<meta http-equiv="Content-Type" content="text/html;charset=utf-8" />
  <meta name='ocr-system' content='tesseract 3.04.00' />
  <meta name='ocr-capabilities' content='ocr_page ocr_carea ocr_par ocr_line ocrx_word'/>
</head>
<body>
  <div class='ocr_page' id='page_1' title='image "./ordinalesarvmsi00cathgoog/ordinalesarvmsi00cathgoog_0138.png"; bbox 0 0 3330 5218; ppageno 0'>
   <div class='ocr_carea' id='block_1_1' title="bbox 209 361 1418 591">
    <p class='ocr_par' dir='ltr' id='par_1_1' title="bbox 209 361 1418 591">
     <span class='ocr_line' id='line_1_1' title="bbox 572 361 1418 426; baseline -0.007 -14"><span class='ocrx_word' id='word_1_1' title='bbox 572 362 750 414; x_wconf 67' lang='lat' dir='ltr'>saeclum</span> <span class='ocrx_word' id='word_1_2' title='bbox 766 363 800 411; x_wconf 79' lang='lat' dir='ltr'>A.</span> <span class='ocrx_word' id='word_1_3' title='bbox 834 361 884 410; x_wconf 69' lang='lat' dir='ltr'>xa.</span> <span class='ocrx_word' id='word_1_4' title='bbox 903 362 940 410; x_wconf 69' lang='lat' dir='ltr'>tx.</span> <span class='ocrx_word' id='word_1_5' title='bbox 960 362 1012 410; x_wconf 63' lang='lat' dir='ltr'>arn.</span> <span class='ocrx_word' id='word_1_6' title='bbox 1032 377 1050 410; x_wconf 68' lang='grc' dir='ltr'>ι.</span> <span class='ocrx_word' id='word_1_7' title='bbox 1385 373 1418 426; x_wconf 85' lang='lat'>77</span> 
     </span>
     <span class='ocr_line' id='line_1_2' title="bbox 209 513 1416 591; baseline -0.001 -9"><span class='ocrx_word' id='word_1_8' title='bbox 209 518 264 582; x_wconf 77' lang='lat' dir='ltr'>iii</span> <span class='ocrx_word' id='word_1_9' title='bbox 280 515 362 582; x_wconf 83' lang='lat' dir='ltr'>feria</span> <span class='ocrx_word' id='word_1_10' title='bbox 377 515 447 580; x_wconf 86' lang='lat' dir='ltr'>fiet¹</span> <span class='ocrx_word' id='word_1_11' title='bbox 462 535 528 580; x_wconf 92' lang='lat' dir='ltr'>vna</span> <span class='ocrx_word' id='word_1_12' title='bbox 547 514 842 591; x_wconf 88' lang='lat' dir='ltr'>commemoratio;</span> <span class='ocrx_word' id='word_1_13' title='bbox 866 524 901 578; x_wconf 93' lang='lat' dir='ltr'>et</span> <span class='ocrx_word' id='word_1_14' title='bbox 923 515 955 577; x_wconf 90' lang='lat' dir='ltr'>in</span> <span class='ocrx_word' id='word_1_15' title='bbox 973 515 1022 577; x_wconf 91' lang='lat' dir='ltr'>.vi.</span> <span class='ocrx_word' id='word_1_16' title='bbox 1039 513 1119 578; x_wconf 87' lang='lat' dir='ltr'>feria</span> <span class='ocrx_word' id='word_1_17' title='bbox 1140 518 1416 581; x_wconf 86' lang='lat' dir='ltr'>commemoratio</span> 
     </span>
    </p>
   </div>
   <div class='ocr_carea' id='block_1_2' title="bbox 206 602 1016 685">
    <p class='ocr_par' dir='ltr' id='par_1_2' title="bbox 206 602 1016 685">
     <span class='ocr_line' id='line_1_3' title="bbox 206 602 1016 685; baseline -0.007 -15"><span class='ocrx_word' id='word_1_18' title='bbox 206 606 308 670; x_wconf 89' lang='lat' dir='ltr'>beate</span> <span class='ocrx_word' id='word_1_19' title='bbox 324 606 450 681; x_wconf 90' lang='lat' dir='ltr'>Marie;</span> <span class='ocrx_word' id='word_1_20' title='bbox 473 604 649 667; x_wconf 83' lang='lat' dir='ltr'>²memoria</span> <span class='ocrx_word' id='word_1_21' title='bbox 663 610 794 683; x_wconf 81' lang='lat' dir='ltr'>tantum</span> <span class='ocrx_word' id='word_1_22' title='bbox 810 604 853 667; x_wconf 91' lang='lat' dir='ltr'>de</span> <span class='ocrx_word' id='word_1_23' title='bbox 867 602 1016 685; x_wconf 79' lang='lat' dir='ltr'>virgine.³</span> 
     </span>
    </p>
   </div>
   <div class='ocr_carea' id='block_1_3' title="bbox 207 721 1417 979">
    <p class='ocr_par' dir='ltr' id='par_1_3' title="bbox 207 721 1417 979">
     <span class='ocr_line' id='line_1_4' title="bbox 253 721 1413 805; baseline -0.003 -15"><span class='ocrx_word' id='word_1_24' title='bbox 253 732 288 802; x_wconf 94' lang='grc' dir='ltr'>(Ι</span> <span class='ocrx_word' id='word_1_25' title='bbox 310 725 461 791; x_wconf 91' lang='lat' dir='ltr'>Sabbato</span> <span class='ocrx_word' id='word_1_26' title='bbox 483 724 526 788; x_wconf 91' lang='lat' dir='ltr'>ad</span> <span class='ocrx_word' id='word_1_27' title='bbox 548 743 705 805; x_wconf 87' lang='lat' dir='ltr'>vesperas</span> <span class='ocrx_word' id='word_1_28' title='bbox 730 722 772 785; x_wconf 90' lang='lat' dir='ltr'>de</span> <span class='ocrx_word' id='word_1_29' title='bbox 798 721 976 797; x_wconf 86' lang='lat' dir='ltr'>dominica,</span> <span class='ocrx_word' id='word_1_30' title='bbox 997 721 1182 805; x_wconf 84' lang='lat' dir='ltr'>antiphona</span> <span class='ocrx_word' id='word_1_31' title='bbox 1212 723 1287 786; x_wconf 79' lang='lat' dir='ltr'>Rex</span> <span class='ocrx_word' id='word_1_32' title='bbox 1304 733 1413 787; x_wconf 86' lang='lat' dir='ltr'>autem</span> 
     </span>
     <span class='ocr_line' id='line_1_5' title="bbox 207 807 1417 895; baseline 0 -20"><span class='ocrx_word' id='word_1_33' title='bbox 207 812 333 889; x_wconf 55' lang='lat' dir='ltr'>Dauid,</span> <span class='ocrx_word' id='word_1_34' title='bbox 350 811 512 875; x_wconf 90' lang='lat' dir='ltr'>memoria</span> <span class='ocrx_word' id='word_1_35' title='bbox 535 810 577 873; x_wconf 91' lang='lat' dir='ltr'>de</span> <span class='ocrx_word' id='word_1_36' title='bbox 600 817 717 873; x_wconf 89' lang='lat' dir='ltr'>sancta</span> <span class='ocrx_word' id='word_1_37' title='bbox 739 807 848 872; x_wconf 91' lang='lat' dir='ltr'>Maria</span> <span class='ocrx_word' id='word_1_38' title='bbox 871 807 1084 890; x_wconf 89' lang='lat' dir='ltr'>Magdalena,</span> <span class='ocrx_word' id='word_1_39' title='bbox 1100 810 1142 872; x_wconf 93' lang='lat' dir='ltr'>de</span> <span class='ocrx_word' id='word_1_40' title='bbox 1166 820 1284 873; x_wconf 90' lang='lat' dir='ltr'>sancto</span> <span class='ocrx_word' id='word_1_41' title='bbox 1307 811 1417 895; x_wconf 91' lang='lat' dir='ltr'>Apol·</span> 
     </span>
     <span class='ocr_line' id='line_1_6' title="bbox 207 896 1138 979; baseline -0.004 -16"><span class='ocrx_word' id='word_1_42' title='bbox 207 899 322 976; x_wconf 88' lang='lat' dir='ltr'>linare,</span> <span class='ocrx_word' id='word_1_43' title='bbox 336 900 380 962; x_wconf 89' lang='lat' dir='ltr'>de</span> <span class='ocrx_word' id='word_1_44' title='bbox 395 898 571 974; x_wconf 89' lang='lat' dir='ltr'>Trinitate,</span> <span class='ocrx_word' id='word_1_45' title='bbox 585 916 662 960; x_wconf 91' lang='lat' dir='ltr'>cum</span> <span class='ocrx_word' id='word_1_46' title='bbox 679 896 889 979; x_wconf 80' lang='lat' dir='ltr'>processione</span> <span class='ocrx_word' id='word_1_47' title='bbox 903 905 982 959; x_wconf 90' lang='lat' dir='ltr'>ante</span> <span class='ocrx_word' id='word_1_48' title='bbox 998 916 1138 959; x_wconf 91' lang='lat' dir='ltr'>crucem.</span> 
     </span>
    </p>
   </div>
   <div class='ocr_carea' id='block_1_4' title="bbox 206 1061 374 1250">
    <p class='ocr_par' dir='ltr' id='par_1_4' title="bbox 206 1061 374 1250">
     <span class='ocr_line' id='line_1_7' title="bbox 207 1061 343 1135; baseline 0.015 -2"><span class='ocrx_word' id='word_1_49' title='bbox 207 1061 343 1135; x_wconf 61' lang='lat' dir='ltr'>Julrul</span> 
     </span>
     <span class='ocr_line' id='line_1_8' title="bbox 206 1186 374 1250; baseline 0.006 -1"><span class='ocrx_word' id='word_1_50' title='bbox 206 1186 374 1250; x_wconf 88' lang='lat' dir='ltr'>memorie.</span> 
     </span>
    </p>
   </div>
   <div class='ocr_carea' id='block_1_5' title="bbox 206 1301 1414 1473">
    <p class='ocr_par' dir='ltr' id='par_1_5' title="bbox 206 1301 1414 1473">
     <span class='ocr_line' id='line_1_9' title="bbox 230 1301 1414 1452; baseline 0.003 -86"><span class='ocrx_word' id='word_1_51' title='bbox 230 1303 405 1452; x_wconf 64' lang='lat' dir='ltr'>lllFeria</span> <span class='ocrx_word' id='word_1_52' title='bbox 428 1303 469 1366; x_wconf 81' lang='lat' dir='ltr'>ii.</span> <span class='ocrx_word' id='word_1_53' title='bbox 496 1302 539 1366; x_wconf 89' lang='lat' dir='ltr'>de</span> <span class='ocrx_word' id='word_1_54' title='bbox 568 1312 686 1366; x_wconf 88' lang='lat' dir='ltr'>sancta</span> <span class='ocrx_word' id='word_1_55' title='bbox 710 1301 866 1379; x_wconf 86' lang='lat' dir='ltr'>Cristina,</span> <span class='ocrx_word' id='word_1_56' title='bbox 892 1321 969 1365; x_wconf 91' lang='lat' dir='ltr'>cum</span> <span class='ocrx_word' id='word_1_57' title='bbox 1006 1311 1177 1368; x_wconf 81' lang='lat' dir='ltr'>nocturno,</span> <span class='ocrx_word' id='word_1_58' title='bbox 1235 1304 1340 1368; x_wconf 92' lang='lat' dir='ltr'>Missa</span> <span class='ocrx_word' id='word_1_59' title='bbox 1371 1306 1414 1370; x_wconf 92' lang='lat' dir='ltr'>de</span> 
     </span>
     <span class='ocr_line' id='line_1_10' title="bbox 206 1411 327 1473; baseline 0 -20"><span class='ocrx_word' id='word_1_60' title='bbox 206 1411 273 1473; x_wconf 86' lang='lat' dir='ltr'>vrgr</span> <span class='ocrx_word' id='word_1_61' title='bbox 287 1411 327 1453; x_wconf 82' lang='lat' dir='ltr'>ra</span> 
     </span>
    </p>
   </div>
   <div class='ocr_carea' id='block_1_6' title="bbox 384 1011 1415 1184">
    <p class='ocr_par' dir='ltr' id='par_1_6' title="bbox 384 1011 1415 1184">
     <span class='ocr_line' id='line_1_11' title="bbox 384 1011 1415 1090; baseline 0.001 -13"><span class='ocrx_word' id='word_1_62' title='bbox 384 1019 418 1090; x_wconf 98' lang='grc' dir='ltr'>(Ι</span> <span class='ocrx_word' id='word_1_63' title='bbox 441 1013 621 1077; x_wconf 92' lang='lat' dir='ltr'>Dominica</span> <span class='ocrx_word' id='word_1_64' title='bbox 644 1013 705 1075; x_wconf 90' lang='lat' dir='ltr'>.vii.</span> <span class='ocrx_word' id='word_1_65' title='bbox 721 1012 764 1075; x_wconf 92' lang='lat' dir='ltr'>de</span> <span class='ocrx_word' id='word_1_66' title='bbox 781 1011 922 1075; x_wconf 88' lang='lat' dir='ltr'>seruicio</span> <span class='ocrx_word' id='word_1_67' title='bbox 944 1012 1158 1090; x_wconf 76' lang='lat' dir='ltr'>dominicali,⁴</span> <span class='ocrx_word' id='word_1_68' title='bbox 1174 1012 1348 1078; x_wconf 78' lang='lat' dir='ltr'>memoria⁸</span> <span class='ocrx_word' id='word_1_69' title='bbox 1369 1015 1415 1078; x_wconf 90' lang='lat' dir='ltr'>de</span> 
     </span>
     <span class='ocr_line' id='line_1_12' title="bbox 385 1098 1413 1184; baseline 0.002 -20"><span class='ocrx_word' id='word_1_70' title='bbox 385 1110 504 1164; x_wconf 89' lang='lat' dir='ltr'>sancto</span> <span class='ocrx_word' id='word_1_71' title='bbox 519 1099 726 1184; x_wconf 74' lang='lat' dir='ltr'>Apollinare,</span> <span class='ocrx_word' id='word_1_72' title='bbox 782 1099 823 1161; x_wconf 94' lang='lat' dir='ltr'>In</span> <span class='ocrx_word' id='word_1_73' title='bbox 839 1098 993 1162; x_wconf 87' lang='lat' dir='ltr'>laudibus</span> <span class='ocrx_word' id='word_1_74' title='bbox 1008 1119 1074 1162; x_wconf 88' lang='lat' dir='ltr'>vna</span> <span class='ocrx_word' id='word_1_75' title='bbox 1089 1100 1276 1183; x_wconf 90' lang='lat' dir='ltr'>antiphona</span> <span class='ocrx_word' id='word_1_76' title='bbox 1289 1111 1325 1165; x_wconf 90' lang='lat' dir='ltr'>et</span> <span class='ocrx_word' id='word_1_77' title='bbox 1346 1102 1413 1166; x_wconf 90' lang='lat' dir='ltr'>due</span> 
     </span>
    </p>
   </div>
   <div class='ocr_carea' id='block_1_7' title="bbox 208 1508 1417 1680">
    <p class='ocr_par' dir='ltr' id='par_1_7' title="bbox 208 1508 1417 1680">
     <span class='ocr_line' id='line_1_13' title="bbox 251 1508 1417 1599; baseline 0.003 -27"><span class='ocrx_word' id='word_1_78' title='bbox 251 1515 286 1586; x_wconf 95' lang='grc' dir='ltr'>(Ι</span> <span class='ocrx_word' id='word_1_79' title='bbox 308 1509 407 1573; x_wconf 88' lang='lat' dir='ltr'>Feria</span> <span class='ocrx_word' id='word_1_80' title='bbox 430 1509 482 1573; x_wconf 85' lang='lat' dir='ltr'>iii.</span> <span class='ocrx_word' id='word_1_81' title='bbox 509 1511 552 1574; x_wconf 91' lang='lat' dir='ltr'>de</span> <span class='ocrx_word' id='word_1_82' title='bbox 581 1518 699 1572; x_wconf 90' lang='lat' dir='ltr'>sancto</span> <span class='ocrx_word' id='word_1_83' title='bbox 732 1509 855 1572; x_wconf 93' lang='lat' dir='ltr'>lacobo</span> <span class='ocrx_word' id='word_1_84' title='bbox 880 1508 1043 1591; x_wconf 88' lang='lat' dir='ltr'>apostolo.</span> <span class='ocrx_word' id='word_1_85' title='bbox 1103 1508 1244 1599; x_wconf 78' lang='lat' dir='ltr'>Inferius</span> <span class='ocrx_word' id='word_1_86' title='bbox 1278 1510 1417 1594; x_wconf 72' lang='lat' dir='ltr'>duplerc</span> 
     </span>
     <span class='ocr_line' id='line_1_14' title="bbox 208 1595 1401 1680; baseline 0.002 -20"><span class='ocrx_word' id='word_1_87' title='bbox 208 1597 256 1661; x_wconf 91' lang='lat' dir='ltr'>Et</span> <span class='ocrx_word' id='word_1_88' title='bbox 270 1599 422 1679; x_wconf 75' lang='lat' dir='ltr'>lvespere</span> <span class='ocrx_word' id='word_1_89' title='bbox 437 1597 480 1660; x_wconf 90' lang='lat' dir='ltr'>de</span> <span class='ocrx_word' id='word_1_90' title='bbox 495 1597 659 1680; x_wconf 89' lang='lat' dir='ltr'>apostolo,</span> <span class='ocrx_word' id='word_1_91' title='bbox 673 1616 749 1659; x_wconf 91' lang='lat' dir='ltr'>cum</span> <span class='ocrx_word' id='word_1_92' title='bbox 767 1596 928 1660; x_wconf 88' lang='lat' dir='ltr'>memoria</span> <span class='ocrx_word' id='word_1_93' title='bbox 943 1596 1085 1659; x_wconf 73' lang='lat' dir='ltr'>solenni</span> <span class='ocrx_word' id='word_1_94' title='bbox 1100 1595 1144 1659; x_wconf 92' lang='lat' dir='ltr'>de</span> <span class='ocrx_word' id='word_1_95' title='bbox 1158 1605 1275 1661; x_wconf 90' lang='lat' dir='ltr'>sancta</span> <span class='ocrx_word' id='word_1_96' title='bbox 1290 1598 1401 1662; x_wconf 82' lang='lat' dir='ltr'>Anna</span> 
     </span>
    </p>
   </div>
   <div class='ocr_carea' id='block_1_8' title="bbox 205 1836 1419 2210">
    <p class='ocr_par' dir='ltr' id='par_1_8' title="bbox 205 1836 1419 1989">
     <span class='ocr_line' id='line_1_15' title="bbox 250 1836 1419 1924; baseline 0.003 -24"><span class='ocrx_word' id='word_1_97' title='bbox 250 1844 285 1914; x_wconf 90' lang='grc' dir='ltr'>(Ι</span> <span class='ocrx_word' id='word_1_98' title='bbox 308 1838 406 1901; x_wconf 89' lang='lat' dir='ltr'>Feria</span> <span class='ocrx_word' id='word_1_99' title='bbox 420 1859 458 1901; x_wconf 91' lang='lat' dir='ltr'>.v.</span> <span class='ocrx_word' id='word_1_100' title='bbox 481 1837 525 1900; x_wconf 90' lang='lat' dir='ltr'>de</span> <span class='ocrx_word' id='word_1_101' title='bbox 547 1836 687 1920; x_wconf 90' lang='lat' dir='ltr'>Septem</span> <span class='ocrx_word' id='word_1_102' title='bbox 711 1836 973 1900; x_wconf 90' lang='lat' dir='ltr'>Dormientibus.</span> <span class='ocrx_word' id='word_1_103' title='bbox 1021 1836 1254 1901; x_wconf 87' lang='lat' dir='ltr'>Inuitatorium</span> <span class='ocrx_word' id='word_1_104' title='bbox 1277 1839 1419 1924; x_wconf 83' lang='lat' dir='ltr'>duplex,</span> 
     </span>
     <span class='ocr_line' id='line_1_16' title="bbox 205 1922 446 1989; baseline -0.012 0"><span class='ocrx_word' id='word_1_105' title='bbox 205 1922 259 1989; x_wconf 89' lang='lat' dir='ltr'>.iii.</span> <span class='ocrx_word' id='word_1_106' title='bbox 276 1924 446 1989; x_wconf 87' lang='lat' dir='ltr'>lectiones.</span> 
     </span>
    </p>

    <p class='ocr_par' dir='ltr' id='par_1_9' title="bbox 207 2038 1418 2210">
     <span class='ocr_line' id='line_1_17' title="bbox 252 2038 1418 2127; baseline 0.003 -24"><span class='ocrx_word' id='word_1_107' title='bbox 252 2047 287 2117; x_wconf 90' lang='grc' dir='ltr'>(Ι</span> <span class='ocrx_word' id='word_1_108' title='bbox 310 2041 408 2104; x_wconf 90' lang='lat' dir='ltr'>Feria</span> <span class='ocrx_word' id='word_1_109' title='bbox 421 2041 472 2103; x_wconf 88' lang='lat' dir='ltr'>.vi.</span> <span class='ocrx_word' id='word_1_110' title='bbox 488 2041 532 2104; x_wconf 92' lang='lat' dir='ltr'>de</span> <span class='ocrx_word' id='word_1_111' title='bbox 555 2039 640 2103; x_wconf 87' lang='lat' dir='ltr'>festo</span> <span class='ocrx_word' id='word_1_112' title='bbox 662 2039 736 2115; x_wconf 86' lang='lat' dir='ltr'>loci,</span> <span class='ocrx_word' id='word_1_113' title='bbox 753 2038 914 2105; x_wconf 89' lang='lat' dir='ltr'>memoria</span> <span class='ocrx_word' id='word_1_114' title='bbox 941 2039 983 2102; x_wconf 91' lang='lat' dir='ltr'>de</span> <span class='ocrx_word' id='word_1_115' title='bbox 1006 2048 1124 2103; x_wconf 90' lang='lat' dir='ltr'>sancto</span> <span class='ocrx_word' id='word_1_116' title='bbox 1150 2039 1316 2105; x_wconf 89' lang='lat' dir='ltr'>Samsone</span> <span class='ocrx_word' id='word_1_117' title='bbox 1330 2044 1418 2127; x_wconf 90' lang='lat' dir='ltr'>epis·</span> 
     </span>
     <span class='ocr_line' id='line_1_18' title="bbox 207 2127 959 2210; baseline -0.001 -19"><span class='ocrx_word' id='word_1_118' title='bbox 207 2147 304 2210; x_wconf 91' lang='lat' dir='ltr'>copo,</span> <span class='ocrx_word' id='word_1_119' title='bbox 319 2135 355 2191; x_wconf 92' lang='lat' dir='ltr'>et</span> <span class='ocrx_word' id='word_1_120' title='bbox 369 2128 412 2191; x_wconf 91' lang='lat' dir='ltr'>de</span> <span class='ocrx_word' id='word_1_121' title='bbox 426 2136 543 2191; x_wconf 90' lang='lat' dir='ltr'>sancto</span> <span class='ocrx_word' id='word_1_122' title='bbox 560 2127 789 2191; x_wconf 90' lang='lat' dir='ltr'>Panthaleone</span> <span class='ocrx_word' id='word_1_123' title='bbox 805 2136 959 2208; x_wconf 88' lang='lat' dir='ltr'>martyre.</span> 
     </span>
    </p>
   </div>
   <div class='ocr_carea' id='block_1_9' title="bbox 209 2246 1420 2678">
    <p class='ocr_par' dir='ltr' id='par_1_10' title="bbox 209 2246 1420 2678">
     <span class='ocr_line' id='line_1_19' title="bbox 252 2246 1415 2330; baseline 0.003 -18"><span class='ocrx_word' id='word_1_124' title='bbox 252 2253 287 2324; x_wconf 95' lang='grc' dir='ltr'>(Ι</span> <span class='ocrx_word' id='word_1_125' title='bbox 310 2247 471 2325; x_wconf 87' lang='lat' dir='ltr'>Sabbato,</span> <span class='ocrx_word' id='word_1_126' title='bbox 488 2248 530 2310; x_wconf 89' lang='lat' dir='ltr'>de</span> <span class='ocrx_word' id='word_1_127' title='bbox 545 2257 661 2312; x_wconf 88' lang='lat' dir='ltr'>sancta</span> <span class='ocrx_word' id='word_1_128' title='bbox 678 2247 794 2324; x_wconf 85' lang='lat' dir='ltr'>Maria,</span> <span class='ocrx_word' id='word_1_129' title='bbox 808 2258 843 2310; x_wconf 90' lang='lat' dir='ltr'>et</span> <span class='ocrx_word' id='word_1_130' title='bbox 859 2246 1020 2310; x_wconf 90' lang='lat' dir='ltr'>memoria</span> <span class='ocrx_word' id='word_1_131' title='bbox 1032 2248 1075 2311; x_wconf 90' lang='lat' dir='ltr'>de</span> <span class='ocrx_word' id='word_1_132' title='bbox 1091 2248 1314 2330; x_wconf 77' lang='lat' dir='ltr'>martyribus¹³</span> <span class='ocrx_word' id='word_1_133' title='bbox 1356 2251 1415 2316; x_wconf 91' lang='lat' dir='ltr'>Ad</span> 
     </span>
     <span class='ocr_line' id='line_1_20' title="bbox 209 2331 1419 2419; baseline 0.003 -21"><span class='ocrx_word' id='word_1_134' title='bbox 209 2355 365 2417; x_wconf 87' lang='lat' dir='ltr'>vesperas</span> <span class='ocrx_word' id='word_1_135' title='bbox 388 2335 519 2397; x_wconf 89' lang='lat' dir='ltr'>dicatur</span> <span class='ocrx_word' id='word_1_136' title='bbox 542 2335 813 2419; x_wconf 90' lang='lat' dir='ltr'>Responsorium,</span> <span class='ocrx_word' id='word_1_137' title='bbox 828 2331 876 2397; x_wconf 71' lang='lat' dir='ltr'>et⁹</span> <span class='ocrx_word' id='word_1_138' title='bbox 899 2331 958 2397; x_wconf 84' lang='lat' dir='ltr'>fiat</span> <span class='ocrx_word' id='word_1_139' title='bbox 981 2335 1150 2417; x_wconf 88' lang='lat' dir='ltr'>processio</span> <span class='ocrx_word' id='word_1_140' title='bbox 1173 2345 1252 2399; x_wconf 89' lang='lat' dir='ltr'>ante</span> <span class='ocrx_word' id='word_1_141' title='bbox 1274 2356 1419 2403; x_wconf 87' lang='lat' dir='ltr'>crucem.</span> 
     </span>
     <span class='ocr_line' id='line_1_21' title="bbox 209 2420 1417 2501; baseline 0.002 -15"><span class='ocrx_word' id='word_1_142' title='bbox 209 2422 279 2486; x_wconf 91' lang='lat' dir='ltr'>Vbi</span> <span class='ocrx_word' id='word_1_143' title='bbox 309 2421 394 2486; x_wconf 87' lang='lat' dir='ltr'>fiunt</span> <span class='ocrx_word' id='word_1_144' title='bbox 422 2431 490 2485; x_wconf 88' lang='lat' dir='ltr'>tres</span> <span class='ocrx_word' id='word_1_145' title='bbox 520 2422 864 2498; x_wconf 87' lang='lat' dir='ltr'>commemorationes,</span> <span class='ocrx_word' id='word_1_146' title='bbox 894 2421 926 2483; x_wconf 93' lang='lat' dir='ltr'>in</span> <span class='ocrx_word' id='word_1_147' title='bbox 950 2443 987 2484; x_wconf 87' lang='lat' dir='ltr'>.v.</span> <span class='ocrx_word' id='word_1_148' title='bbox 1011 2420 1092 2485; x_wconf 87' lang='lat' dir='ltr'>feria</span> <span class='ocrx_word' id='word_1_149' title='bbox 1120 2422 1182 2485; x_wconf 92' lang='lat' dir='ltr'>erit</span> <span class='ocrx_word' id='word_1_150' title='bbox 1211 2442 1286 2501; x_wconf 89' lang='lat' dir='ltr'>vna,</span> <span class='ocrx_word' id='word_1_151' title='bbox 1309 2434 1344 2488; x_wconf 92' lang='lat' dir='ltr'>et</span> <span class='ocrx_word' id='word_1_152' title='bbox 1372 2425 1417 2489; x_wconf 96' lang='lat' dir='ltr'>ad</span> 
     </span>
     <span class='ocr_line' id='line_1_22' title="bbox 209 2508 1420 2591; baseline 0.004 -19"><span class='ocrx_word' id='word_1_153' title='bbox 209 2529 366 2591; x_wconf 85' lang='lat' dir='ltr'>vesperas</span> <span class='ocrx_word' id='word_1_154' title='bbox 382 2509 424 2572; x_wconf 90' lang='lat' dir='ltr'>de</span> <span class='ocrx_word' id='word_1_155' title='bbox 439 2518 555 2572; x_wconf 88' lang='lat' dir='ltr'>sancta</span> <span class='ocrx_word' id='word_1_156' title='bbox 570 2508 673 2572; x_wconf 88' lang='lat' dir='ltr'>Anna</span> <span class='ocrx_word' id='word_1_157' title='bbox 686 2509 749 2572; x_wconf 88' lang='lat' dir='ltr'>erit</span> <span class='ocrx_word' id='word_1_158' title='bbox 764 2508 924 2571; x_wconf 88' lang='lat' dir='ltr'>memoria</span> <span class='ocrx_word' id='word_1_159' title='bbox 945 2510 988 2572; x_wconf 90' lang='lat' dir='ltr'>de</span> <span class='ocrx_word' id='word_1_160' title='bbox 1012 2508 1068 2572; x_wconf 89' lang='lat' dir='ltr'>illa</span> <span class='ocrx_word' id='word_1_161' title='bbox 1090 2512 1420 2577; x_wconf 84' lang='lat' dir='ltr'>commemoratione.</span> 
     </span>
     <span class='ocr_line' id='line_1_23' title="bbox 211 2595 912 2678; baseline -0.001 -20"><span class='ocrx_word' id='word_1_162' title='bbox 211 2596 501 2678; x_wconf 88' lang='lat' dir='ltr'>Responsorium¹⁰</span> <span class='ocrx_word' id='word_1_163' title='bbox 516 2595 629 2659; x_wconf 88' lang='lat' dir='ltr'>feriale</span> <span class='ocrx_word' id='word_1_164' title='bbox 643 2595 912 2678; x_wconf 90' lang='lat' dir='ltr'>pretermittatur.</span> 
     </span>
    </p>
   </div>
   <div class='ocr_carea' id='block_1_10' title="bbox 212 2714 1420 2885">
    <p class='ocr_par' dir='ltr' id='par_1_11' title="bbox 212 2714 1420 2885">
     <span class='ocr_line' id='line_1_24' title="bbox 256 2714 1420 2801; baseline 0.005 -23"><span class='ocrx_word' id='word_1_165' title='bbox 256 2720 291 2791; x_wconf 95' lang='grc' dir='ltr'>(Ι</span> <span class='ocrx_word' id='word_1_166' title='bbox 312 2714 371 2779; x_wconf 89' lang='lat' dir='ltr'>Ab</span> <span class='ocrx_word' id='word_1_167' title='bbox 397 2715 459 2780; x_wconf 90' lang='lat' dir='ltr'>hac</span> <span class='ocrx_word' id='word_1_168' title='bbox 486 2716 540 2778; x_wconf 91' lang='lat' dir='ltr'>die</span> <span class='ocrx_word' id='word_1_169' title='bbox 564 2736 669 2798; x_wconf 89' lang='lat' dir='ltr'>vsque</span> <span class='ocrx_word' id='word_1_170' title='bbox 698 2716 742 2779; x_wconf 91' lang='lat' dir='ltr'>ad</span> <span class='ocrx_word' id='word_1_171' title='bbox 771 2715 1063 2780; x_wconf 77' lang='lat' dir='ltr'>circumcisionem</span> <span class='ocrx_word' id='word_1_172' title='bbox 1082 2716 1220 2780; x_wconf 92' lang='lat' dir='ltr'>Domini</span> <span class='ocrx_word' id='word_1_173' title='bbox 1236 2718 1420 2801; x_wconf 88' lang='lat' dir='ltr'>accipiatur</span> 
     </span>
     <span class='ocr_line' id='line_1_25' title="bbox 212 2802 816 2885; baseline -0.002 -19"><span class='ocrx_word' id='word_1_174' title='bbox 212 2812 348 2867; x_wconf 88' lang='lat' dir='ltr'>sextum</span> <span class='ocrx_word' id='word_1_175' title='bbox 363 2802 394 2865; x_wconf 84' lang='lat' dir='ltr'><strong><em>A</em></strong></span> <span class='ocrx_word' id='word_1_176' title='bbox 414 2824 475 2885; x_wconf 93' lang='lat' dir='ltr'>pro</span> <span class='ocrx_word' id='word_1_177' title='bbox 489 2803 600 2867; x_wconf 90' lang='lat' dir='ltr'>littera</span> <span class='ocrx_word' id='word_1_178' title='bbox 616 2803 816 2866; x_wconf 89' lang='lat' dir='ltr'>dominicali.</span> 
     </span>
    </p>
   </div>
   <div class='ocr_carea' id='block_1_11' title="bbox 246 4069 1375 4464">
    <p class='ocr_par' dir='ltr' id='par_1_12' title="bbox 248 4069 1193 4136">
     <span class='ocr_line' id='line_1_26' title="bbox 248 4069 1193 4136; baseline -0.002 -14"><span class='ocrx_word' id='word_1_179' title='bbox 248 4071 257 4103; x_wconf 92' lang='lat'><strong>¹</strong></span> <span class='ocrx_word' id='word_1_180' title='bbox 274 4071 334 4122; x_wconf 82' lang='lat' dir='ltr'>liat:</span> <span class='ocrx_word' id='word_1_181' title='bbox 352 4072 393 4134; x_wconf 85' lang='lat'>87,</span> <span class='ocrx_word' id='word_1_182' title='bbox 406 4072 447 4133; x_wconf 89' lang='lat'>88,</span> <span class='ocrx_word' id='word_1_183' title='bbox 459 4086 500 4123; x_wconf 89' lang='lat'>01.</span> <span class='ocrx_word' id='word_1_184' title='bbox 794 4071 805 4101; x_wconf 79' lang='lat'>&#39;²</span> <span class='ocrx_word' id='word_1_185' title='bbox 821 4082 846 4121; x_wconf 82' lang='lat' dir='ltr'>et</span> <span class='ocrx_word' id='word_1_186' title='bbox 857 4072 934 4136; x_wconf 78' lang='lat' dir='ltr'>before</span> <span class='ocrx_word' id='word_1_187' title='bbox 945 4071 1082 4121; x_wconf 85' lang='lat' dir='ltr'>memoria:</span> <span class='ocrx_word' id='word_1_188' title='bbox 1099 4070 1140 4132; x_wconf 89' lang='lat'>87,</span> <span class='ocrx_word' id='word_1_189' title='bbox 1153 4069 1193 4121; x_wconf 87' lang='lat'>88.</span> 
     </span>
    </p>

    <p class='ocr_par' dir='ltr' id='par_1_13' title="bbox 246 4134 1375 4265">
     <span class='ocr_line' id='line_1_27' title="bbox 247 4134 1375 4198; baseline -0.003 -10"><span class='ocrx_word' id='word_1_190' title='bbox 247 4137 259 4167; x_wconf 79' lang='lat'>³</span> <span class='ocrx_word' id='word_1_191' title='bbox 275 4139 301 4188; x_wconf 81' lang='lat' dir='ltr'>S.</span> <span class='ocrx_word' id='word_1_192' title='bbox 317 4138 435 4188; x_wconf 83' lang='lat' dir='ltr'>Praxede.</span> <span class='ocrx_word' id='word_1_193' title='bbox 796 4136 806 4166; x_wconf 82' lang='lat'><strong>⁴</strong></span> <span class='ocrx_word' id='word_1_194' title='bbox 822 4137 904 4186; x_wconf 88' lang='lat' dir='ltr'>medie</span> <span class='ocrx_word' id='word_1_195' title='bbox 915 4137 1034 4186; x_wconf 87' lang='lat' dir='ltr'>lectiones</span> <span class='ocrx_word' id='word_1_196' title='bbox 1044 4136 1076 4186; x_wconf 87' lang='lat' dir='ltr'>de</span> <span class='ocrx_word' id='word_1_197' title='bbox 1087 4144 1191 4186; x_wconf 85' lang='lat' dir='ltr'>sancto:</span> <span class='ocrx_word' id='word_1_198' title='bbox 1209 4137 1264 4185; x_wconf 83' lang='lat' dir='ltr'>add.</span> <span class='ocrx_word' id='word_1_199' title='bbox 1280 4134 1320 4198; x_wconf 88' lang='lat'>87,</span> <span class='ocrx_word' id='word_1_200' title='bbox 1334 4135 1375 4185; x_wconf 90' lang='lat'>88.</span> 
     </span>
     <span class='ocr_line' id='line_1_28' title="bbox 246 4200 1147 4265; baseline -0.001 -13"><span class='ocrx_word' id='word_1_201' title='bbox 246 4201 257 4232; x_wconf 76' lang='lat'>⁵</span> <span class='ocrx_word' id='word_1_202' title='bbox 273 4213 385 4252; x_wconf 82' lang='lat' dir='ltr'>tantum:</span> <span class='ocrx_word' id='word_1_203' title='bbox 403 4205 459 4252; x_wconf 82' lang='lat' dir='ltr'>add.</span> <span class='ocrx_word' id='word_1_204' title='bbox 473 4214 514 4265; x_wconf 86' lang='lat'>97,</span> <span class='ocrx_word' id='word_1_205' title='bbox 526 4216 566 4252; x_wconf 87' lang='lat' dir='ltr'>or.</span> <span class='ocrx_word' id='word_1_206' title='bbox 794 4200 805 4230; x_wconf 77' lang='lat'><strong>⁶</strong></span> <span class='ocrx_word' id='word_1_207' title='bbox 822 4202 936 4253; x_wconf 87' lang='lat' dir='ltr'>Secunde</span> <span class='ocrx_word' id='word_1_208' title='bbox 944 4203 987 4261; x_wconf 72' lang='lat' dir='ltr'>fhr</span> <span class='ocrx_word' id='word_1_209' title='bbox 996 4212 1036 4251; x_wconf 88' lang='lat' dir='ltr'>et:</span> <span class='ocrx_word' id='word_1_210' title='bbox 1054 4213 1094 4263; x_wconf 86' lang='lat'>97,</span> <span class='ocrx_word' id='word_1_211' title='bbox 1106 4215 1147 4251; x_wconf 86' lang='lat'>01.</span> 
     </span>
    </p>

    <p class='ocr_par' dir='ltr' id='par_1_14' title="bbox 247 4266 1301 4332">
     <span class='ocr_line' id='line_1_29' title="bbox 247 4266 1301 4332; baseline -0.002 -14"><span class='ocrx_word' id='word_1_212' title='bbox 247 4267 258 4299; x_wconf 87' lang='lat'>⁷</span> <span class='ocrx_word' id='word_1_213' title='bbox 274 4268 370 4318; x_wconf 83' lang='lat' dir='ltr'>solenni</span> <span class='ocrx_word' id='word_1_214' title='bbox 383 4288 391 4319; x_wconf 74' lang='lat' dir='ltr'><strong><em>z</em></strong></span> <span class='ocrx_word' id='word_1_215' title='bbox 407 4285 454 4318; x_wconf 84' lang='lat' dir='ltr'>om.</span> <span class='ocrx_word' id='word_1_216' title='bbox 469 4268 509 4330; x_wconf 85' lang='lat'>87,</span> <span class='ocrx_word' id='word_1_217' title='bbox 523 4268 563 4318; x_wconf 90' lang='lat'>88.</span> <span class='ocrx_word' id='word_1_218' title='bbox 793 4266 803 4297; x_wconf 76' lang='lat'>⁸</span> <span class='ocrx_word' id='word_1_219' title='bbox 820 4267 866 4318; x_wconf 85' lang='lat' dir='ltr'>SS.</span> <span class='ocrx_word' id='word_1_220' title='bbox 881 4268 964 4317; x_wconf 87' lang='lat' dir='ltr'>Felice</span> <span class='ocrx_word' id='word_1_221' title='bbox 976 4278 1000 4317; x_wconf 87' lang='lat' dir='ltr'>et</span> <span class='ocrx_word' id='word_1_222' title='bbox 1012 4267 1142 4332; x_wconf 90' lang='lat' dir='ltr'>Simplicio</span> <span class='ocrx_word' id='word_1_223' title='bbox 1152 4283 1209 4316; x_wconf 90' lang='lat' dir='ltr'>cum</span> <span class='ocrx_word' id='word_1_224' title='bbox 1220 4266 1301 4317; x_wconf 83' lang='lat' dir='ltr'>sociis</span> 
     </span>
    </p>

    <p class='ocr_par' dir='ltr' id='par_1_15' title="bbox 248 4331 492 4395">
     <span class='ocr_line' id='line_1_30' title="bbox 248 4331 492 4395; baseline -0.004 -11"><span class='ocrx_word' id='word_1_225' title='bbox 248 4331 259 4363; x_wconf 78' lang='lat'>⁹</span> <span class='ocrx_word' id='word_1_226' title='bbox 275 4344 318 4384; x_wconf 83' lang='lat' dir='ltr'>et:</span> <span class='ocrx_word' id='word_1_227' title='bbox 334 4349 383 4383; x_wconf 85' lang='lat' dir='ltr'>om.</span> <span class='ocrx_word' id='word_1_228' title='bbox 397 4346 438 4395; x_wconf 85' lang='lat'>97,</span> <span class='ocrx_word' id='word_1_229' title='bbox 451 4346 492 4383; x_wconf 85' lang='lat' dir='ltr'>ol.</span> 
     </span>
    </p>

    <p class='ocr_par' dir='ltr' id='par_1_16' title="bbox 249 4396 907 4464">
     <span class='ocr_line' id='line_1_31' title="bbox 249 4396 907 4464; baseline 0 -16"><span class='ocrx_word' id='word_1_230' title='bbox 249 4397 269 4429; x_wconf 86' lang='lat'>¹⁰</span> <span class='ocrx_word' id='word_1_231' title='bbox 286 4398 453 4464; x_wconf 86' lang='lat' dir='ltr'>Responsoria</span> <span class='ocrx_word' id='word_1_232' title='bbox 464 4398 558 4448; x_wconf 78' lang='lat' dir='ltr'>ferialia</span> <span class='ocrx_word' id='word_1_233' title='bbox 569 4396 796 4464; x_wconf 86' lang='lat' dir='ltr'>pretermittantur:</span> <span class='ocrx_word' id='word_1_234' title='bbox 814 4396 855 4459; x_wconf 87' lang='lat'>87,</span> <span class='ocrx_word' id='word_1_235' title='bbox 868 4397 907 4448; x_wconf 88' lang='lat'>88.</span> 
     </span>
    </p>
   </div>
   <div class='ocr_carea' id='block_1_12' title="bbox 0 0 1679 5218">
    <p class='ocr_par' dir='ltr' id='par_1_17' title="bbox 0 0 1679 5218">
     <span class='ocr_line' id='line_1_32' title="bbox 0 0 1679 5218; baseline 0 0"><span class='ocrx_word' id='word_1_236' title='bbox 0 0 1679 5218; x_wconf 95' lang='lat' dir='ltr'> </span> 
     </span>
    </p>
   </div>
  </div>
 </body>
</html>
