3326 5208
646 498 830 560 oururuu
845 500 873 551 c.
908 500 967 549 var.
1344 512 1393 563 2⁴7

185 697 258 767 June
270 695 309 768 6]
362 654 396 723 (Ι
420 649 597 713 Dominica
620 651 705 714 inlra
720 654 879 725 octauas‚¹
900 662 1009 716 totum
1032 654 1074 716 de
1097 654 1271 717 dominica.
1313 654 1395 717 Ter-

289 740 295 752 '
363 737 449 799 cium
473 738 734 819 Responsorium
766 741 942 803 aduobus
965 749 1124 805 cantetur.
1172 741 1210 804 ln
1232 741 1396 819 laudibus,

186 840 252 882 vna
268 821 461 904 antiphona,
477 834 511 888 et
526 845 593 887 vna
609 827 777 890 memoria.

185 1017 201 1080 s
229 937 264 1032 (Ι
288 934 384 998 Feria
413 936 460 1012 .ii.,
486 938 528 999 de
555 938 690 1001 octauis.
741 937 937 1022 Antiphone
967 949 1002 1002 et
1035 940 1260 1022 Responsoria
1288 943 1330 1003 de
1355 939 1396 1003 .vi

197 1038 272 1083 erra

229 1137 263 1207 (Ι
288 1133 316 1196 F
317 1134 384 1197 cria
399 1135 447 1200 .iii.
464 1137 507 1199 de
522 1137 669 1200 octauis:
691 1137 917 1220 antiphoneet
935 1138 1159 1220 Responsoria
1174 1140 1217 1201 de
1232 1138 1398 1202 sabbato:

187 1230 221 1281 et
238 1222 398 1283 memoria
417 1224 460 1285 de
475 1221 702 1299 consessorell

229 1333 383 1406 {Feria
419 1334 479 1398 iiii.
516 1337 559 1398 de
596 1347 712 1399 sancto
750 1337 941 1412 Edmund0,
982 1338 1213 1401 lnuitatorium
1252 1338 1398 1420 triplex:

189 1421 349 1482 memoria
366 1422 407 1483 de
424 1423 638 1504 martyribus³
653 1433 687 1486 et
703 1425 745 1486 de
761 1426 895 1487 octauis.

230 1537 265 1608 (Ι
289 1533 385 1595 Feria
400 1556 437 1597 .v.
453 1535 496 1597 de
506 1544 634 1599 octaua.
681 1535 848 1600 Secunde⁴
864 1557 1002 1619 vespere
1022 1546 1118 1600 erunt
1134 1537 1176 1600 de
1192 1538 1342 1605 octauisz
1364 1546 1399 1600 et

188 1621 349 1683 memoria
364 1621 406 1683 de
421 1621 583 1704 apostolo.

231 1733 386 1807 {Feria
430 1734 478 1798 .vi.
524 1735 566 1797 de
610 1745 727 1798 sancto
777 1736 941 1809 Barnaba,
987 1736 1219 1799 Inuitatorium
1266 1734 1399 1818 triplex.

190 1817 383 1882 Secundum
399 1821 534 1883 alleluuia
549 1822 581 1884 in
599 1823 708 1897 missa,
724 1823 801 1885 Nou
818 1844 875 1885 vos
889 1823 1072 1905 relinquam
1088 1823 1252 1905 urptlrauos.

231 1937 265 2007 (Ι
290 1932 449 2007 Sabbat0,
472 1935 516 1997 de
538 1934 650 2017 vigilia
675 1935 918 1999 Penthecostes.
973 1935 1078 1997 Nihil⁵
1100 1936 1143 1997 de
1166 1935 1400 2016 martyribuslz

189 2020 349 2081 memoria
364 2021 406 2083 de
422 2031 538 2084 sancta
556 2021 672 2097 Maria,
689 2032 723 2084 et
738 2023 781 2084 de
797 2021 964 2086 Omnibus
981 2021 1112 2086 Sanctis
1128 2031 1268 2085 tantum.

189 2181 261 2249 June
278 2178 330 2250 13]
365 2137 398 2206 (Ι
425 2133 463 2195 ln
479 2133 533 2196 die
559 2133 803 2210 Penthecostes,
818 2145 852 2196 et
875 2154 934 2216 per
949 2133 1206 2208 hebdomadam,
1224 2144 1332 2196 totum
1357 2132 1399 2195 de

310 2223 316 2235 “
365 2219 565 2283 solennitate
581 2220 662 2295 sesti,
679 2229 713 2283 et
731 2221 819 2283 Nihil
836 2222 878 2284 de
901 2230 1018 2283 sancto
1042 2220 1193 2297 Ricard0,
1216 2221 1280 2283 isto
1303 2240 1402 2289 anno.

192 2303 293 2367 Nulla
308 2305 475 2369 dominica
491 2306 671 2385 differatur,
685 2308 763 2388 quia
779 2319 913 2389 tempus
928 2306 1159 2371 breuissimum
1177 2317 1236 2371 est.

233 2421 267 2490 (Ι
291 2417 344 2479 De
361 2417 453 2481 lestis
469 2420 568 2482 trium
586 2420 763 2483 lectionum
781 2421 865 2482 inlra
880 2420 1138 2495 hebdomadam,
1155 2419 1213 2483 fiat
1230 2420 1399 2491 memoria,

191 2504 276 2566 sicut
293 2502 377 2566 inira
392 2504 640 2569 hebdomadam
660 2507 768 2570 Pasce.
816 2507 918 2569 Nulla
940 2507 999 2570 fiat
1023 2508 1183 2569 memoria
1206 2508 1249 2569 de
1275 2505 1401 2570 Sancto

193 2591 316 2674 Spiritu
343 2592 385 2655 ad
412 2614 566 2676 vesperas
597 2607 631 2656 et
662 2595 843 2657 matutinas
867 2595 910 2657 de
936 2606 1052 2658 sancta
1078 2594 1194 2670 Maria,
1224 2615 1283 2675 per
1313 2594 1400 2655 hanc

190 2679 447 2743 hebdomadam.

367 2797 401 2866 (Ι
426 2792 490 2855 Die
507 2791 629 2856 Sancte
641 2792 820 2864 Trinitatis.
833 2803 941 2856 totum
958 2795 1001 2856 de
1017 2792 1109 2855 festo.
1165 2793 1221 2855 Ad
1238 2792 1401 2855 secundas

371 2900 534 2961 vesperas,
548 2879 610 2942 sub
625 2880 770 2942 silentio⁷
786 2879 976 2962 antiphona.
1025 2879 1095 2942 Sub
1111 2891 1211 2942 tuam.

233 2996 267 3066 (Ι
291 2990 450 3073 Quotidie
466 2993 508 3054 ad
526 2993 676 3074 primam,
693 3012 751 3074 per
774 2991 1030 3067 hebdomadam,
1047 2991 1240 3074 antiphona,
1257 2991 1287 3055 O
1309 2992 1402 3054 beuta

191 3079 320 3141 dicatur
335 3098 435 3160 super
450 3078 630 3161 psalmum⁸
654 3079 842 3160 Quicunque
856 3080 935 3143 vult.

233 3196 267 3266 (Ι
292 3191 387 3253 Feria
403 3191 449 3267 ii,
459 3193 502 3254 de
518 3201 634 3253 sancta
650 3191 779 3254 Maria:
802 3202 836 3253 et
849 3191 1009 3254 memoria
1021 3191 1062 3253 de
1079 3190 1205 3253 octauis
1221 3189 1401 3253 Trinitatis.

233 3310 266 3379 (Ι
292 3304 387 3367 Feria
403 3304 450 3367 iii.
466 3304 509 3365 de
532 3312 648 3366 sancto
672 3303 816 3380 Albane,
838 3314 873 3366 et
897 3304 1005 3366 medie
1028 3303 1186 3366 lectiones
1209 3304 1251 3365 de
1273 3302 1402 3365 octauis

193 3391 376 3454 Trinitatis.
421 3391 573 3453 lNonum
592 3391 855 3472 Responsorium
872 3391 1094 3471 Percepturus.

233 3509 266 3579 (Ι
293 3503 358 3565 Hic
373 3503 533 3584 incipiunt
550 3502 704 3583 Exequie
721 3486 939 3566 Mortuorum.

233 3621 267 3691 (Ι
293 3615 389 3677 Feria
403 3615 463 3678 iiii.
480 3617 522 3678 de
540 3624 656 3676 sancta
679 3613 895 3691 Etheldreda,
910 3634 985 3677 cum
1010 3625 1181 3690 nocturn0,
1196 3624 1230 3675 et
1248 3613 1401 3694 Respon-

189 3705 278 3766 sorio
293 3702 447 3783 Regnum
463 3700 588 3775 muudi,
605 3721 680 3763 cum
698 3702 797 3765 missa
812 3702 855 3764 de
870 3701 1016 3783 vigilia.¹⁰

234 3821 267 3890 (Ι
293 3815 431 3877 Festum
448 3814 552 3876 sancti
571 3814 728 3876 lobannis
745 3814 891 3896 baptiste
906 3812 1078 3877 differatur
1092 3812 1124 3874 in
1141 3812 1329 3874 crastinum.

234 3933 268 4003 (Ι
294 3927 389 3989 Feria
404 3948 441 3990 .v.
457 3926 676 3989 celebrabitur
686 3926 805 3988 festum
818 3925 974 4007 Corporis
987 3925 1118 3999 Christi,
1131 3925 1235 3987 maius
1251 3923 1401 4005 duplex:

192 4025 227 4078 et
253 4014 336 4077 fiant
368 4023 485 4077 octaue
519 4033 595 4075 cum
624 4013 781 4094 regimine
814 4012 912 4076 chori.
959 4012 1014 4075 Ad
1039 4015 1202 4075 secundas
1234 4030 1401 4092 vesperas,

191 2842 263 2911 June
277 2838 332 2911 20·]

225 4239 233 4271 ¹
251 4238 427 4289 ascensionis:
445 4238 501 4286 add.
516 4235 557 4298 87,
570 4235 610 4286 88.
866 4234 878 4265 ²
895 4236 921 4286 S.
936 4235 1059 4285 Gildurdo
1070 4236 1137 4297 [curn
1150 4235 1176 4285 S.
1193 4234 1335 4297 MedardoJ.

223 4304 234 4335 ³
250 4305 296 4356 SS.
312 4304 396 4353 Primo
407 4312 432 4353 et
445 4302 579 4352 Feliciauo.
864 4300 875 4330 ⁴
891 4301 1023 4352 Secunde:
1041 4318 1087 4351 om.
1102 4300 1143 4361 87,
1161 4300 1200 4350 88.
1229 4318 1237 4333 ·

224 4369 235 4400 ⁵
251 4381 275 4420 et
286 4370 364 4435 before
375 4369 453 4418 nihil:
471 4367 512 4428 87,
525 4366 565 4416 88.

224 4433 235 4465 ⁸
252 4436 297 4486 SS.
312 4432 431 4493 Basilide,
444 4433 539 4492 Cirino,
553 4432 655 4481 Nabore
665 4440 740 4497 atque
752 4431 866 4481 Nazario.

224 4500 234 4532 ⁷
250 4501 385 4551 solenniter
388 4500 436 4565 sor
445 4501 492 4548 sub
502 4497 618 4547 silentio:
636 4509 677 4559 97,
689 4510 730 4547 οι.
863 4495 874 4525 ³
890 4497 1030 4562 psalmum:
1048 4513 1094 4545 om.
1109 4494 1151 4558 87,
1163 4495 1203 4545 88.

224 4564 290 4618 ⁰Cl.
307 4567 382 4615 Crede
393 4565 485 4624 Muli,
498 4566 512 4622 Ι
526 4575 580 4623 111,
593 4578 618 4627 p.
632 4563 672 4612 61.
861 4560 881 4592 ¹⁰
897 4562 923 4613 S.
940 4561 1060 4612 Iohannis
1072 4562 1144 4626 Bapt.
