3330 5218
546 467 724 520 rancum
740 469 774 518 A.
808 469 859 517 nt.
878 469 915 518 a.
935 467 987 517 vri.
1007 467 1025 517 t.
1349 480 1381 532 7³

223 627 257 698 01
281 622 385 685 Feria
409 644 438 685 v.
461 621 582 686 festum
610 621 766 704 Corporis
789 621 921 696 Christi,
942 620 1049 683 maius
1071 621 1208 704 duplex,
1229 631 1264 685 et
1279 621 1381 685 habet

178 718 316 772 octauas
331 728 407 772 cum
424 711 585 791 regimine
600 709 698 772 chori.
745 708 802 771 Ad
825 709 988 771 secundas
1010 727 1174 792 vesperas,
1197 708 1381 791 antiphona

179 795 361 878 Sapientia,
385 795 535 878 psalmus
565 796 664 859 Dixit
692 795 864 870 Dominus,
894 794 1052 876 Hymnus
1084 795 1199 858 Sam‘s
1219 796 1380 871 solenniis,

176 883 357 946 versiculus
386 883 514 945 Panem
543 883 584 945 de
610 883 681 946 celo.
727 883 772 945 Et
801 882 849 945 sic
876 880 1002 944 fiatad
1026 901 1180 964 vesperas
1204 904 1264 965 per
1293 891 1381 946 totas

176 979 324 1046 octauas,
339 969 498 1053 ¹Quando
522 970 565 1032 de
591 970 719 1033 octauis
743 969 801 1032 fiet
824 966 1022 1044 seruicium,¹
1037 969 1118 1031 nihil
1143 968 1202 1033 fiat
1226 970 1269 1033 de
1295 969 1381 1033 festo

175 1066 368 1120 sanctorum
393 1056 546 1120 Medardi
570 1068 605 1120 et
620 1055 781 1120 Gildardi.
827 1056 884 1118 Ad
900 1056 961 1118 has
976 1075 1132 1137 vesperas
1147 1055 1206 1120 fiat
1222 1056 1382 1119 memoria

175 1144 239 1207 sub
254 1144 387 1207 silentio
402 1143 445 1206 de
459 1153 576 1206 sancto
592 1143 776 1207 Edmundo
790 1151 825 1206 et
840 1144 883 1205 de
898 1143 1121 1224 martyribus.¹

219 1287 253 1356 01
276 1281 375 1343 Feria
403 1281 452 1343 ‚vi
482 1281 525 1344 de
554 1290 671 1344 sancto
695 1279 885 1343 Edmundo
932 1279 1166 1343 Inuitatorium
1193 1280 1325 1364 triplex,
1348 1289 1382 1343 et

175 1368 285 1431 medie
312 1367 470 1431 lectiones
495 1367 537 1429 de
562 1362 785 1448 martyribus²
815 1367 975 1429 memoria
1001 1368 1044 1429 de
1070 1367 1197 1430 octauis
1225 1368 1381 1450 Corporis

177 1453 310 1531 Christi,
332 1454 427 1517 etde
449 1456 577 1517 octauis
602 1453 783 1518 Trinitatis
830 1452 888 1516 Ad
912 1454 1108 1516 memoriam
1131 1453 1174 1516 de
1197 1456 1324 1518 octauis
1347 1455 1382 1517 in

176 1540 269 1604 sestis
291 1550 493 1618 sanctorum,
531 1540 587 1605 Ad
619 1561 783 1623 vesperas,
816 1539 937 1603 dicitur
976 1540 1157 1603 versiculus
1187 1541 1314 1605 Panem
1344 1541 1384 1604 de

173 1628 237 1691 celo
247 1652 260 1691 .·
288 1629 334 1691 Et
349 1628 392 1690 ad
409 1629 590 1692 matutinas
608 1627 788 1691 versiculus
803 1627 922 1689 Posuit
926 1626 1023 1708 fines.

219 1770 253 1841 ΕΙ
277 1762 428 1829 Sabbato
449 1764 493 1827 de
514 1764 653 1840 octauis,
667 1763 719 1827 iii.
743 1763 913 1841 lectiones,
935 1760 983 1827 et⁸
1005 1764 1166 1827 memoria
1188 1764 1231 1827 de
1253 1765 1382 1828 octauis

176 1850 359 1915 Trinitatis,

221 1991 256 2061 (I
278 1985 438 2068 Quotidie
457 1986 542 2049 infra
563 1996 700 2049 octauas
716 1994 750 2048 et
766 1985 799 2048 in
816 1994 937 2049 octaua
952 1985 1083 2049 dicatur
1103 1988 1277 2068 sequentia
1303 1987 1384 2050 Ecce

172 2084 220 2155 pa
230 2073 270 2156 [c.
286 2073 330 2156 v.]
340 2075 394 2136 nis
407 2073 605 2155 angelorum.
639 2073 696 2136 Ad
708 2093 863 2156 vesperas
873 2075 916 2137 de
926 2084 1041 2135 sancto
1058 2073 1211 2137 Bamaba
1220 2075 1384 2157 apostolo,

180 2159 239 2223 fiat
255 2161 415 2223 memoria
430 2161 473 2223 dc
488 2161 617 2224 octauis
639 2179 717 2222 cum
736 2160 921 2242 antiphona
939 2159 1082 2241 Oqunm
1096 2161 1219 2225 suauis.
1266 2161 1311 2225 Et
1334 2163 1383 2223 in-

180 2247 319 2310 choetur
340 2247 478 2310 historia
501 2268 578 2310 cum
602 2246 788 2330 antiphona
809 2247 955 2329 Loquere
976 2246 1117 2311 Domine
1125 2273 1141 2324 ,·
1165 2249 1325 2311 memoria
1341 2249 1383 2311 de

178 2333 367 2412 Trinitate;
389 2344 424 2397 et
440 2334 499 2397 fiat
515 2335 682 2417 processio
698 2343 777 2396 ante
795 2331 949 2397 crucem.⁴

356 2471 591 2546 (IDominica
629 2470 713 2533 infra
759 2480 896 2534 octauas
943 2470 1099 2553 Corporis
1148 2470 1279 2548 Christi,
1326 2470 1385 2535 fiat

357 2557 532 2620 seruicium
555 2558 598 2621 de
620 2568 738 2621 sancto
765 2557 919 2621 Bamaba
941 2557 1104 2639 apostolo.
1150 2558 1383 2623 Inuitatorium

181 2642 314 2725 triplex,
329 2653 364 2706 et
376 2645 486 2707 medie
501 2643 659 2707 lectiones
675 2644 717 2707 de
728 2645 855 2708 octauis
871 2644 1027 2725 Corporis
1044 2645 1176 2721 Christi,
1192 2666 1268 2709 cum
1284 2645 1384 2709 versi-

180 2730 258 2792 culo
269 2738 304 2792 et
316 2730 555 2814 Responsorio⁶
563 2731 605 2794 de
616 2731 764 2794 secundo
780 2742 952 2795 noctum0.
999 2732 1038 2794 In
1052 2732 1215 2808 laudibus,
1224 2734 1386 2795 memoria

182 2816 225 2879 de
236 2817 373 2893 octauis,
388 2821 431 2882 dc
446 2818 623 2895 dominica,
637 2828 672 2881 ct
687 2820 730 2881 de
740 2818 914 2882 Trinitate.
958 2817 1016 2881 Ad
1033 2821 1185 2902 primam,
1200 2819 1385 2903 antiphona

186 2903 231 2965 Te
252 2905 325 2966 iure
342 2905 498 2968 landent:
522 2904 566 2968 Et
594 2906 751 2987 deinceps
774 2926 834 2987 per
855 2915 1001 2968 octauas.
1048 2905 1153 2969 Missa
1175 2906 1384 2969 dominicalis

180 2989 215 3052 in
229 2990 377 3073 capitulo
392 2992 530 3055 dicatur.

181 2516 324 2591 June11.]

223 3133 257 3202 11
280 3128 377 3190 Feria
391 3128 430 3191 ‚ii
454 3129 497 3191 de
529 3129 668 3206 octauis,
690 3137 758 3192 tres
781 3129 949 3203 lectiones,
973 3130 1153 3194 versiculus
1176 3139 1210 3194 et
1233 3131 1384 3215 Respon-

180 3215 268 3277 soria
283 3215 326 3277 de
342 3215 444 3278 tercio
460 3224 633 3293 noctum0,
650 3216 810 3279 memoria
826 3217 869 3279 de
886 3217 1110 3298 martyribus.⁶

224 3356 259 3426 (I
281 3351 379 3415 Feria
402 3352 453 3415 iii.
476 3352 519 3415 de
541 3352 679 3429 octauis,
699 3353 879 3417 versiculus
901 3371 935 3417 et
962 3355 1186 3437 Responsoria
1209 3355 1252 3418 de
1276 3357 1384 3439 primo

181 3448 352 3502 nocturno.

182 3672 355 3737 nocturno,
386 3663 548 3726 memoria
574 3663 617 3726 de
644 3673 761 3726 sancto
788 3663 921 3727 Basilio.
966 3662 1024 3726 Ad
1049 3684 1204 3746 vesperas
1228 3665 1288 3729 hec
1312 3666 1385 3730 sola

182 3748 377 3832 antiphona,
406 3748 588 3826 Sacerdos,·
612 3750 761 3832 psalmus
784 3750 884 3813 Dixit
913 3750 1085 3827 Dominus,
1111 3760 1146 3815 et
1172 3752 1228 3815 alii
1254 3754 1383 3835 psalmi,

183 3837 269 3899 sicut
285 3836 317 3898 in
334 3836 448 3918 primis
463 3837 628 3919 vesperis;
652 3837 812 3909 memoria
826 3837 868 3899 de
885 3837 1109 3918 martyribus!

214 4120 267 4159 ¹-¹
285 4123 345 4171 Non
356 4123 389 4172 de
400 4122 496 4172 octauis
507 4122 535 4172 ht
546 4122 693 4173 seruicium:
711 4122 753 4185 87,
765 4121 805 4173 88.

214 4186 226 4217 ²
242 4188 288 4239 SS.
304 4187 387 4237 Primo
398 4196 423 4237 et
435 4188 579 4238 Feliciano:
597 4188 636 4239 cf.
650 4189 727 4239 Brcv.
740 4190 798 4239 Sar.
812 4190 877 4238 rubr.
896 4200 951 4253 313.

214 4251 226 4282 ⁸
241 4262 282 4303 et:
299 4269 346 4302 ene.
360 4252 400 4313 87,
412 4252 452 4302 88.

214 4318 225 4348 ⁴
241 4329 267 4369 et
278 4328 331 4368 tota
341 4326 455 4368 mutetur
464 4318 569 4368 historia
579 4318 605 4368 in
617 4319 682 4369 sesto
692 4318 836 4384 Apolinaris
847 4327 872 4370 et
884 4328 981 4369 tantum
997 4320 1118 4369 memoria
1129 4320 1161 4370 de
1173 4321 1235 4371 testo
1246 4340 1253 4371 :
1270 4323 1326 4371 <unt
1340 4333 1381 4385 97,

177 4398 211 4434 01

214 4420 227 4479 i
243 4448 434 4513 Responsoriis:
452 4446 493 4510 87,
506 4448 545 4498 88.

214 4512 226 4545 ⁸
242 4514 288 4564 SS.
303 4513 421 4575 Basilide,
434 4513 520 4564 Cirino
531 4523 555 4564 et
568 4514 677 4565 Nabore.
942 4513 953 4547 ⁷
970 4515 1015 4565 SS.
1029 4515 1090 4564 Vito
1101 4524 1125 4566 et
1138 4516 1263 4567 Modesto.
