3330 5218
453 427 645 491 QUARTUM
661 430 696 477 Α.
730 427 797 477 m'i.
815 427 887 477 xiia:
905 428 943 477 xi.
962 430 998 478 vi.
1018 431 1059 479 iii.
1335 434 1365 485 81

192 588 233 659 (Ι
261 583 359 646 Feria
380 582 444 645 iiii
470 581 501 644 in
527 581 638 664 capite
662 580 783 653 ieiunii,
809 589 919 644 totum
943 582 987 645 de
1010 582 1098 647 feria
1146 584 1201 649 Ab
1228 586 1290 651 hac
1313 589 1368 652 die

144 691 266 753 vsque
287 671 331 733 ad
354 680 510 733 octauam
532 669 636 731 Pasce
661 666 740 730 nihil
769 665 827 730 fiat
852 669 895 731 de
917 667 1014 732 festo¹
1030 671 1081 733 iii.
1098 671 1278 738 lectionum
1306 677 1368 739 nisi

144 768 292 821 tantum
308 757 467 820 memoria
481 756 525 819 ad
541 775 696 837 vesperas
712 756 758 818 et¹
774 756 954 818 matutinas
970 756 1068 821 beate
1084 758 1200 824 Marie.

193 884 233 955 (Ι
261 878 359 941 Feria
373 900 412 941 .v.
427 876 470 940 de
485 886 602 939 sancto
619 875 741 948 Dauid,
758 874 803 938 ix.
818 874 999 940 lectiones⁸

194 1003 234 1074 (Ι
261 998 359 1061 Feria
375 997 425 1060 .vi.
440 997 483 1060 de
498 1006 617 1059 sancto
634 994 759 1070 Cedda,
776 995 821 1058 ire
837 994 1019 1060 lectiones.⁴

195 1123 236 1194 (Ι
261 1117 413 1182 Sabbato
449 1117 579 1179 dicatur
615 1116 758 1197 primum
799 1115 1060 1197 Responsorium
1107 1119 1251 1199 historie,
1288 1143 1365 1188 cum

147 1206 294 1270 duobus
311 1202 545 1287 Responsoriis
561 1202 738 1268 ferialibus.

150 1331 264 1385 March
280 1325 316 1399 5.]
351 1330 385 1401 (Ι
408 1324 587 1388 Dominica
602 1324 631 1388 .i.
647 1322 909 1406 quadragesime,
926 1335 998 1388 tota
1014 1326 1133 1390 dicitur
1147 1328 1293 1394 historia.

197 1452 237 1523 (Ι
261 1446 359 1510 Feria
374 1444 437 1508 iiii.
452 1455 486 1508 et
501 1444 645 1508 sabbato
660 1444 781 1508 dicitur
797 1445 1058 1527 Responsorium
1076 1447 1198 1514 feriale.

198 1571 238 1642 (Ι
261 1565 441 1631 Dominica
455 1564 496 1627 .ii.
512 1563 773 1646 quadragesime,
790 1573 863 1628 tota
877 1565 997 1629 dicitur
1011 1566 1156 1631 historia

199 1693 239 1764 (Ι
262 1688 401 1750 Festum
416 1684 523 1748 sancti
550 1682 698 1768 Gregorii
724 1684 897 1749 differatur
920 1686 953 1749 in
978 1689 1167 1751 crastinum.
1212 1690 1269 1754 Ad
1293 1712 1366 1754 ves-

153 1795 259 1857 peras
273 1774 381 1837 sancti
397 1771 548 1854 Gregorii
564 1770 623 1834 fiat
637 1771 783 1834 solennis
799 1772 959 1836 memoria
974 1773 1017 1836 de
1031 1776 1206 1841 dominica

201 1901 239 1971 (Ι
262 1895 359 1957 Feria
381 1893 422 1957 .ii.
444 1893 487 1956 de
508 1902 627 1956 sancto
649 1891 818 1975 Gregori0,
833 1892 969 1958 inferius
991 1895 1128 1977 duplex.
1173 1897 1366 1981 Capitulum

155 1982 242 2045 Ecce
256 1981 409 2057 sacerdos,
426 1980 471 2043 ix.
486 1979 653 2055 lectiones
670 1979 741 2042 sine
755 1981 975 2062 expositione

191 2116 244 2260 (Ι
262 2109 360 2211 ξενία
374 2130 412 2172 .ν.
427 2108 548 2171 dicitur
569 2107 714 2189 primum
738 2108 1001 2190 Responsorium
1024 2110 1144 2187 feriale,
1161 2121 1196 2177 et
1217 2113 1308 2177 aliud
1333 2116 1366 2177 in

155 2220 211 2261 .vr.
240 2217 317 2260 erra

203 2325 241 2395 (Ι
263 2316 423 2391 Sabbato,
445 2314 489 2379 de
519 2324 637 2379 sancto
663 2315 839 2391 Edwardo,
866 2316 922 2379 ix.
948 2316 1115 2382 lectiones.
1172 2319 1366 2404 Capitulum

157 2407 287 2469 Beatus
299 2405 357 2467 vir
368 2403 429 2484 qui
440 2402 476 2466 in
489 2401 658 2484 sapientia.
703 2403 966 2486 Responsorium
976 2404 1087 2480 Pater,
1097 2409 1231 2488 peccaui
1242 2421 1368 2492 preter-

159 2496 316 2556 mittatur
331 2492 396 2554 islo
410 2510 508 2553 anno.
563 2489 622 2553 Ad
638 2510 794 2573 vesperas
810 2490 853 2552 de
867 2491 1042 2569 dominica,
1059 2492 1118 2557 liat
1140 2499 1301 2560 memoria
1324 2498 1368 2562 de

159 2589 281 2643 sancto
296 2575 474 2642 Eduardo,

163 2758 266 2812 March
283 2753 336 2826 19]
363 2712 399 2806 (Ι
422 2704 601 2805 Dominica
623 2704 673 2769 iii
689 2707 951 2805 quadragesime,
969 2706 1099 2808 [eviii]
1121 2718 1194 2774 tota
1216 2721 1368 2776 cantetur

162 2880 326 2944 memoria
340 2790 623 2943 (1213ΐὲῧίςᾶΑά
647 2812 772 2874 Pssmas
794 2813 949 2875 vesperas
974 2804 1081 2858 sancti
1105 2796 1291 2874 Cuthberti,
1307 2799 1367 2865 fiat

205 3015 240 3085 (Ι
263 3008 361 3072 Feria
374 3007 414 3071 .ii
431 3008 474 3071 de
488 3015 605 3070 sancto
622 3006 815 3083 Cuthberto,
832 3008 887 3072 ire
902 3007 1070 3074 lectiones.

206 3142 242 3213 (Ι
264 3136 362 3200 Feria
387 3135 439 3200 iii.
463 3135 506 3199 de
532 3144 648 3199 sancto
675 3136 866 3211 Benedicto,
891 3138 946 3200 ix.
961 3137 1129 3204 lectiones.
1177 3142 1215 3204 In
1232 3164 1270 3206 .v.
1287 3136 1368 3207 leria

161 3224 285 3287 dicitur
310 3224 455 3305 primum
481 3223 742 3305 Responsorium
769 3222 888 3301 feriale,
915 3225 1007 3288 etin
1033 3226 1084 3291 .vi.
1106 3227 1187 3292 seria
1213 3228 1369 3294 dicuntur

161 3313 232 3374 duo
247 3311 472 3393 Responsoria
487 3309 621 3372 ferialia

206 3444 241 3515 (Ι
263 3439 422 3516 Sabbato,
452 3439 573 3503 lestum
603 3437 883 3503 Annunciationis
913 3440 1011 3504 beate
1040 3442 1155 3506 Marie.
1200 3436 1368 3508 Secunde³

162 3546 299 3608 vespere
324 3536 422 3589 erunt
447 3527 491 3590 de
515 3525 607 3599 festo,
623 3535 657 3589 et
682 3526 855 3590 memoria⁶
878 3528 921 3591 de
944 3527 1122 3595 dominica.
1169 3529 1284 3595 Gloria
1305 3531 1371 3594 tibi

163 3612 306 3675 Domine
317 3615 378 3694 qai
397 3622 497 3676 natus
516 3634 550 3676 cs
570 3613 610 3676 de
631 3612 761 3694 vt'rgine
781 3614 902 3677 dicitur
921 3615 954 3677 in
976 3625 1118 3698 utroque
1142 3618 1367 3700 completorio,

163 3708 199 3763 et
213 3700 256 3763 ad
272 3710 450 3782 utrumque
464 3699 718 3782 completorium
745 3700 930 3783 pulsabitur
944 3721 1020 3766 cum
1042 3702 1173 3766 duabus
1194 3705 1368 3789 campanis

164 3788 348 3851 secundum
365 3786 514 3851 ordinale
530 3786 674 3852 Sarum!

200 4083 422 4146 ¹ssstis287,88.
847 4086 1072 4150 'etad287,88.

197 4148 209 4180 ³
225 4151 314 4200 Oratio
324 4162 349 4200 et
359 4160 442 4200 cetera
452 4151 485 4203 de
495 4152 638 4204 communi:
654 4154 711 4203 add.
724 4164 766 4215 97,
778 4166 819 4202 01.

197 4214 279 4265 'The
300 4216 389 4266 samm
411 4217 529 4282 Brevinry
550 4234 618 4268 more
645 4221 766 4282 correctly
792 4218 1006 4279 (dxxxi-dxxxiv),
1029 4220 1147 4270 transfers
1173 4222 1211 4271 St.
1236 4222 1320 4272 David
1341 4232 1369 4273 to

165 4280 368 4405 {233}wa
378 4282 442 4408 ,Ἐς
459 4283 510 4332 aud
526 4283 564 4333 St.
578 4283 651 4333 Chad
667 4284 775 4334 remeius
785 4300 819 4334 on
837 4284 877 4334 his
893 4300 951 4333 own
966 4284 1025 4349 day,
1040 4285 1128 4335 March
1136 4286 1195 4336 and.
1231 4286 1270 4337 Cl.
1292 4289 1370 4338 Crale

196 4362 219 4394 u
236 4363 256 4406 r,
308 4359 334 4406 2,
364 4383 371 4396 .

197 4409 208 4439 ⁵
224 4422 249 4459 et
257 4357 335 4473 bcs⁷ore
344 4362 470 4463 fecunde:
488 4413 530 4474 87,
543 4412 583 4463 88.
832 4412 844 4444 ⁶
859 4413 987 4465 solennis:
1004 4416 1060 4464 add.
1074 4425 1116 4478 97,
1127 4428 1168 4466 01.

198 4474 263 4525 ⁷Cl.
281 4478 404 4527 Credcrll.
418 4479 522 4543 §7512
536 4478 577 4540 ⁴8·

254 4557 336 4607 ulca
358 4556 496 4608 ssuuu.
1214 4561 1238 4611 G
