3316 5220
651 833 826 924 &ertum
859 837 912 911 ι).

354 972 388 1042 (Ι
405 968 534 1031 Littera
571 969 792 1033 dominicalis¹
823 971 876 1047 D,
907 982 1027 1053 quarto
1066 973 1182 1036 Nonas
1219 973 1382 1056 Augusti²

354 1064 508 1118 cantetur
544 1058 629 1118 tota³
666 1058 804 1120 historia
842 1057 898 1138 (ln
928 1059 1114 1140 prrirciptb),
1151 1069 1184 1124 et
1222 1062 1384 1124 memoria

177 1142 324 1287 {iantum⁴
350 1142 393 1204 de
422 1151 539 1205 saneto
565 1142 739 1207 Steffano.⁶
786 1144 824 1207 ln
856 1145 1012 1209 laudibus
1042 1167 1160 1209 omnes
1197 1147 1382 1231 antiphone

202 1237 338 1290 reantur.

178 1017 250 1085 Aug.
265 1014 302 1087 2.]

219 1351 254 1421 (Ι
278 1347 375 1410 Feria
404 1348 445 1411 .ii.
475 1349 518 1411 de
550 1349 749 1413 inuentione
779 1351 885 1413 sancti
916 1350 1100 1435 Stephani:
1138 1354 1184 1417 ix.
1215 1354 1383 1418 lectiones.

179 1431 372 1515 Capitulum
387 1434 557 1498 Iustorum
571 1437 688 1499 anime.

222 1559 255 1629 (Ι
280 1554 377 1617 Feria
391 1556 443 1617 .iii.
459 1555 502 1618 de
519 1554 605 1619 sesto
620 1556 693 1619 loci.

221 1679 268 1749 “(Ι
292 1674 389 1737 Feria
411 1675 476 1738 .iiii.
499 1676 542 1738 de
564 1677 885 1740 commemoratione
907 1676 1006 1741 beate
1030 1679 1146 1758 Mane,
1167 1689 1201 1743 et
1224 1682 1385 1744 memoria

179 1763 224 1824 de
238 1771 357 1824 sancto
373 1761 542 1826 Oswaldo.
1263 1804 1266 1809 ·

221 1887 254 1957 (Ι
279 1882 307 1943 F
308 1882 375 1944 eria
392 1904 430 1945 .v.
446 1883 490 1945 de
505 1882 590 1945 sesto
606 1882 925 1966 Transfigurationis
945 1885 1106 1948 Domini:
1129 1886 1252 1950 festum
1275 1888 1385 1952 minus

178 1968 314 2050 duplex.
361 1969 516 2033 Secunde
546 1990 683 2052 vespere
716 1981 813 2033 erunt
843 1972 887 2034 de
917 1972 1004 2035 festo
1034 1973 1190 2036 Nominis
1218 1975 1313 2037 lesu:
1351 1985 1385 2040 et

178 2056 325 2118 solennis
342 2057 504 2120 memoria
520 2058 563 2120 de
579 2055 889 2140 Transfiguratione
906 2060 1053 2122 Domini.

177 2174 375 2324 d{IlFeria
399 2176 449 2238 .vi.
476 2176 520 2238 de
546 2176 675 2239 solenni
703 2176 790 2241 sesto
818 2178 973 2241 Nominis
1002 2179 1095 2242 lesu:
1127 2179 1249 2244 sestum
1278 2182 1385 2245 maius

203 2282 248 2345 up
262 2282 316 2325 ex.

221 2388 254 2458 (Ι
278 2381 439 2458 Sabbat0,
450 2383 493 2445 de
502 2384 644 2446 seruicio
653 2388 863 2447 octauarum⁶
875 2407 883 2464 ;
893 2394 927 2448 et
943 2387 1104 2449 memoria
1120 2387 1162 2449 de
1173 2389 1383 2471 martyribus.

177 2553 250 2621 Aug.
282 2549 302 2622 .]
353 2508 387 2577 ll
412 2503 593 2566 Dominica
629 2504 669 2566 .ii.
708 2504 873 2587 Augusti:
902 2506 945 2568 de
975 2507 1116 2570 seruicio
1154 2512 1384 2574 octauaruml:

355 2591 517 2653 memoria
551 2593 598 2654 'et
636 2591 746 2654 medie
777 2593 949 2656 lectiones⁷
978 2593 1022 2656 de
1055 2603 1173 2658 sancto
1209 2595 1385 2660 Romano:

178 2674 340 2737 memoria
362 2678 405 2739 de
423 2678 602 2755 dominica,
617 2686 651 2741 et
667 2678 711 2742 de
726 2688 843 2741 sancta
859 2679 1032 2743 Trinitate.
1079 2680 1185 2744 Missa
1200 2680 1243 2744 de
1258 2683 1385 2765 vigilia⁸

182 2762 216 2823 in
232 2763 381 2844 capitulo
401 2765 546 2828 dicitur.l

220 2870 254 2940 (Ι
278 2865 375 2928 Feria
404 2867 445 2931 .ii.
478 2868 521 2931 de
557 2878 678 2932 sancto
715 2867 899 2932 Laurentio
935 2879 1102 2953 martyre:
1136 2871 1182 2933 ix.
1212 2871 1374 2937 lectiones

184 2951 419 3017 Inuitatorium
436 2954 582 3036 triplex:
607 2956 769 3019 memoria
785 2956 827 3018 de
842 2955 1006 3020 octauis.¹⁰

1377 2924 1385 2951 i

209 3148 218 3179 ¹
235 3150 396 3202 dominimli:
414 3150 430 3201 8
447 3189 454 3201 .

208 3214 220 3245 ²
236 3217 352 3267 Secundo
363 3218 404 3267 die
415 3163 521 3283 A⁷ugusti
532 3236 539 3268 ι
556 3219 633 3268 Brev.
669 3219 784 3269 Secunda
795 3219 837 3268 die
848 3219 963 3284 Augusti,
974 3220 1065 3283 Pom's.
1083 3230 1152 3283 1530.

209 3280 221 3310 ³
237 3291 306 3331 lota:
324 3300 371 3331 om.
386 3295 480 3344 97,01.
808 3283 820 3314 ⁴
836 3294 949 3334 tantum:
967 3302 1014 3335 om.
1029 3297 1070 3346 97,
1082 3298 1123 3333 01.

208 3344 219 3374 ⁶
235 3347 317 3396 medie
328 3348 447 3398 lectiones
464 3349 496 3398 de
512 3360 615 3409 sancto:
632 3357 657 3398 et
674 3357 727 3399 tota
743 3358 856 3399 cantetur
872 3349 973 3399 historia
985 3351 1011 3400 in
1023 3350 1107 3415 vigilia
1118 3351 1197 3402 sancti
1214 3351 1384 3402 Bartholomei

176 3411 235 3507 quia
246 3411 373 3526 intiasancu
384 3429 434 3463 non
446 3415 540 3540 hallin
551 3414 664 3529 proprprs
675 3415 811 3540 lelctiones:
828 3417 885 3464 add.
899 3426 940 3477 97,
952 3429 993 3465 01.

236 3493 266 3527 oc
292 3494 339 3527 ue:
358 3490 399 3540 97,
411 3492 452 3528 01.
525 3496 616 3529 omrms
640 3496 691 3529 esu

208 3542 262 3579 ⁷-7
278 3559 325 3591 om.
339 3561 345 3592 r
363 3554 404 3605 97,
418 3558 458 3593 ol.
786 3542 797 3574 ⁸
814 3544 840 3594 S.
861 3545 996 3595 laurentii.

208 3606 220 3638 ⁹
238 3610 256 3633 “
264 3623 321 3657 cum
332 3610 453 3658 memoria
463 3609 495 3658 de
507 3610 533 3659 S.
549 3611 672 3659 Romano.
709 3610 742 3659 Et
759 3609 785 3659 iu
796 3626 893 3659 summa
904 3610 980 3660 missa
991 3611 1023 3660 de
1033 3620 1098 3660 octa
1119 3612 1185 3672 Iesu,
1203 3612 1247 3661 fiat
1263 3614 1384 3664 memoria

175 3672 208 3723 de
219 3672 355 3733 dominica,
368 3683 393 3723 et
404 3675 435 3724 de
446 3674 577 3724 Trinitate.
615 3674 686 3723 Nihil
697 3674 730 3724 de
741 3675 767 3725 S.
782 3675 926 3725 Romano.''
962 3678 1038 3726 Crede
1049 3678 1157 3737 Mum
1170 3688 1210 3741 57,
1223 3693 1248 3743 p
1262 3693 1303 3739 4⁴·

210 3736 230 3767 ¹⁰
245 3748 349 3787 octaua:
367 3751 408 3800 97,
421 3752 461 3788 01.
494 3739 622 3800 [Nominis
634 3741 713 3801 Iesu]

210 3802 268 3839 ¹-l‘
286 3805 307 3851 F
307 3804 357 3852 eria
369 3821 412 3853 uu.
426 3806 458 3854 de
470 3804 496 3854 S.
511 3805 640 3864 Oswaldo,
654 3805 729 3855 Inuit.
743 3805 844 3870 duplex,
857 3805 891 3854 iii.
906 3805 1032 3855 lectiones.

210 3868 283 3917 Feria
294 3885 317 3917 v.
331 3870 363 3918 de
375 3870 515 3919 martiribus
525 3870 619 3930 [Sixt0,
632 3870 807 3931 Felicissimol,
820 3870 994 3920 Inuitatorium
1005 3872 1106 3936 duplex,
1121 3872 1155 3921 iii.
1169 3874 1227 3922 lect.

210 3934 282 3982 Feria
294 3934 326 3983 vi.
340 3934 372 3983 de
384 3936 410 3985 S.
426 3936 537 3996 Donato,
551 3935 724 3985 Inuitatorium
735 3936 850 3999 simplex,
863 3936 897 3984 iii.
911 3936 1038 3986 lectiones

209 3999 330 4059 Sabbato,
343 4000 375 4049 de
388 4001 414 4050 S.
430 4000 520 4060 Maria,
533 4010 558 4050 et
569 4001 689 4050 memoria
699 4001 732 4050 de
743 4001 884 4050 martiribus
894 4001 1021 4065 [Cyriaco,
1034 4003 1103 4063 etc].

209 4064 259 4112 Vbi
271 4065 333 4113 fiunt
345 4075 394 4114 tres
405 4066 662 4125 commemorationes,
675 4066 701 4115 ιιι
713 4066 745 4114 vi.
759 4066 819 4115 feria
831 4066 873 4116 fiat
884 4083 933 4115 vna
950 4067 1161 4116 commemoratio.

175 4128 251 4243 fiaAd
263 4145 377 4194 vesperas
394 4130 420 4180 in
435 4131 551 4193 sabbato,
568 4141 620 4181 ant.
634 4132 715 4180 Drlrit
726 4133 864 4180 Romanus.
901 4131 1024 4181 Memoria
1035 4132 1066 4181 de
1079 4132 1211 4194 Trinitate,
1222 4142 1248 4183 et
1259 4133 1384 4198 processio

209 4204 226 4243 t

209 4272 232 4320 ε
250 4259 382 4309 Dominica
393 4260 419 4310 ιι.
433 4262 457 4310 Α
521 4261 549 4321 ti,
566 4262 599 4311 de
610 4260 714 4311 seruicio
729 4260 881 4310 dominicali
929 4261 1015 4311 Medie
1031 4262 1151 4312 lectiones
1167 4262 1199 4312 de
1216 4264 1242 4313 S.
1258 4264 1381 4313 Romano.

178 4325 209 4373 In
222 4325 335 4374 laudibus
346 4341 394 4374 ma
405 4326 476 4391 antip
494 4343 551 4376 ona.
588 4327 667 4376 Missa
684 4327 715 4376 de
732 4326 816 4391 vigilia
832 4326 870 4388 [S.
891 4326 1030 4388 laurentii]
1047 4327 1073 4377 in
1089 4328 1199 4391 capitulo
1216 4328 1314 4388 dicitur,
1327 4346 1384 4379 cum

176 4389 297 4439 memoria
308 4390 339 4439 de
357 4392 382 4441 S.
398 4392 522 4451 Romano,
536 4392 588 4441 sine
603 4394 687 4441 credo.
723 4392 765 4441 Ad
776 4408 897 4441 summam
909 4391 1020 4451 missam,
1033 4393 1152 4442 memoria
1169 4394 1201 4443 de
1212 4394 1344 4455 Trinitate,
1358 4404 1384 4444 et

176 4455 209 4504 de
221 4455 345 4505 Omnibus
357 4457 456 4506 Sanctis
466 4466 570 4506 tantum.

210 4520 282 4570 Feria
294 4520 319 4569 ii.
333 4522 365 4571 de
377 4523 403 4572 S.
419 4522 563 4581 Laurentio,
578 4521 751 4572 Inuitatorium
763 4520 863 4587 triplex,
877 4521 910 4571 ix.
925 4522 1053 4573 lectiones
