3326 5208
267 469 317 518 204

573 618 762 698 {nundum
787 619 820 685 C.
866 619 955 682 xviii.
971 621 1014 683 v.¹
1029 620 1082 683 vii.
1099 619 1155 683 iiii.

311 757 465 841 [Epacte,
490 774 519 837 3,
541 777 573 837 4,
601 758 633 836 6,
658 772 689 837 7,
717 757 797 837 stylo
827 756 962 839 antiquo
973 782 986 832 ,·
1036 758 1170 834 10-16,
1204 758 1285 839 stylo
1317 755 1476 823 nwderno.

269 844 405 922 Pascha,
423 845 519 928 April
535 843 600 927 ,iv.]

309 989 344 1059 (Ι
367 982 464 1046 Feria
487 1005 524 1048 .v.
549 982 583 1045 in
607 982 752 1046 crastino
776 991 896 1045 octaue
920 982 1120 1066 Epiphanie,
1144 973 1186 1046 d'e
1212 991 1331 1046 sancto
1358 981 1478 1060 Felice,

268 1079 334 1133 tres
350 1070 518 1133 lectiones.
565 1068 758 1152 Capitulum
773 1068 892 1133 Omnis
898 1071 1056 1152 pontifex.
1101 1069 1158 1132 Ad
1176 1070 1311 1134 missam
1324 1069 1479 1134 dicantur

267 1157 416 1240 quinque
431 1156 587 1222 Collecte.

311 1276 346 1346 (Ι
369 1269 466 1332 Feria
480 1268 530 1333 .vi.
546 1269 589 1332 de
604 1268 689 1332 festo
705 1268 777 1333 loci.

312 1389 346 1459 (Ι
369 1380 530 1458 Sabbat0,
545 1381 588 1445 de
603 1390 719 1445 sancta
737 1381 854 1459 Maria,
868 1390 903 1444 ct
920 1380 1080 1443 memoria
1095 1379 1138 1443 de
1155 1382 1322 1462 martyre.²

312 1501 347 1571 (Ι
368 1495 435 1559 Vbi
451 1493 536 1558 fiunt
551 1504 618 1558 tres
633 1493 979 1572 commemorationes,
994 1493 1028 1556 in
1051 1514 1089 1559 .v.
1106 1493 1187 1557 feria
1213 1492 1273 1557 fiat
1298 1513 1365 1558 vna
1388 1513 1477 1557 com·

270 1582 477 1647 memoratio.

267 1745 331 1815 1³¹¹·
348 1742 401 1816 η]
445 1695 682 1845 initiali?
710 1692 1480 1846 5¹{aautallhlthlffilahht

269 1867 444 1931 inchoetur
459 1867 596 1931 historia
609 1831 774 1948 (Domitia,
789 1889 829 1930 ne
843 1868 879 1931 in
894 1868 969 1945 ira),
1009 1867 1123 1930 Medic
1132 1867 1290 1932 lectiones
1306 1867 1349 1931 de
1360 1830 1481 1931 sancto,

270 1952 423 2037 Sulpitio.
473 1955 510 2017 ln
527 1954 682 2017 laudibus
698 1975 815 2018 omnes
830 1954 1015 2038 antiphone
1031 1955 1193 2021 dicantur.

312 2072 346 2142 (Ι
370 2067 399 2130 F
400 2067 468 2130 eria
483 2067 522 2131 ,ii
538 2066 581 2130 de
597 2067 683 2130 sesto
699 2067 770 2131 loci.

312 2185 347 2255 (Ι
370 2179 399 2242 F
400 2179 468 2241 cria
482 2179 534 2242 ,iii
550 2179 593 2242 de
608 2188 726 2242 sancto
743 2178 933 2256 wulstano,
948 2179 993 2242 ix.
1010 2178 1170 2241 lectiones
1186 2178 1229 2242 de
1244 2178 1424 2242 communi,

269 2378 386 2441 tiones.
433 2376 625 2459 Capitulum
642 2376 807 2440 Iustorum
823 2377 939 2442 anime.

260 2496 347 2659 ΑΙ
371 2489 467 2552 Feria
482 2511 520 2553 .v.
536 2489 579 2552 de
593 2497 710 2553 sancta
734 2489 878 2571 Agnete,
895 2489 940 2553 ix.
964 2488 1131 2554 lectiones.
1177 2487 1372 2571 Capitulum
1399 2488 1479 2553 Con·

295 2586 388 2641 teor.

312 2696 347 2766 (Ι
371 2689 468 2752 Feria
482 2688 532 2753 .vi.
548 2687 591 2752 de
606 2697 724 2752 sancto
739 2689 929 2764 Vincentio,
947 2689 991 2753 ix.
1008 2687 1175 2752 lectiones.

313 2808 347 2878 (Ι
370 2800 529 2878 Sabbato,
556 2799 600 2863 de
629 2809 746 2864 sancta
780 2800 896 2865 Maria.
955 2800 1061 2862 Nihil⁴
1086 2798 1144 2863 fiat
1177 2799 1220 2862 de
1253 2799 1357 2863 tercia
1388 2817 1482 2862 com·

271 2888 512 2952 memoratione
528 2887 561 2950 in
577 2887 641 2950 hac
656 2886 878 2952 hebdomada.

446 3005 480 3075 (Ι
503 3000 684 3063 Dominica
709 3000 758 3075 .ii.,
784 3009 857 3064 tota
878 3009 1032 3063 cantetur
1058 2997 1205 3064 historia
1262 2998 1301 3061 In
1327 2998 1482 3063 laudibus

447 3107 564 3149 omnes
579 3086 764 3168 antiphone
782 3087 961 3150 dicuntur.³

313 3203 347 3273 (Ι
371 3198 469 3261 Feria
495 3198 535 3263 .ii.
562 3198 604 3261 de
629 3208 746 3261 sancto
772 3198 884 3274 Paulo,
915 3197 1152 3262 lnuitatorium
1189 3197 1323 3280 triplex,
1347 3197 1392 3262 ix.
1418 3197 1483 3261 lec·

271 3285 388 3349 tiones.

312 3403 347 3473 (Ι
371 3396 469 3461 Feria
483 3397 534 3462 ,iii
551 3397 594 3460 de
609 3397 689 3460 seria
706 3448 712 3461 .
729 3417 805 3460 cum
823 3398 925 3460 missa
940 3396 1096 3461 Adorate.

314 3516 348 3586 (Ι
372 3509 468 3572 Feria
491 3509 553 3573 iiii.
579 3511 622 3573 de
651 3520 769 3573 sancto
801 3509 941 3587 Iuliano,
974 3508 1209 3572 lnuitatorium
1239 3507 1377 3591 duplex,
1414 3518 1483 3572 tres

271 3597 439 3662 lectiones.
486 3596 681 3680 Capitulum
697 3596 777 3659 Ecce
790 3598 943 3661 sacerdos.

314 3716 348 3786 (Ι
372 3709 519 3774 Feriam
536 3712 579 3773 de
594 3719 710 3772 sancta
728 3709 864 3793 Agnete
880 3709 1035 3773 secundo.
1085 3707 1320 3772 lnuitatorium
1343 3707 1483 3789 duplex,

271 3806 338 3860 tres
354 3796 521 3860 lectiones.
567 3794 759 3879 Capitulum
777 3796 927 3875 Domina
941 3796 1034 3859 Deus
1049 3816 1146 3861 meus.

314 3915 349 3985 (Ι
372 3908 470 3972 Feria
484 3909 533 3973 .vi.
549 3909 592 3972 de
609 3908 695 3971 sesto
711 3908 782 3972 loci.

315 4028 349 4098 (Ι
372 4020 532 4093 Sabbato,
556 4022 599 4085 de
621 4032 738 4084 sancta
762 4022 878 4099 Maria,
894 4030 928 4085 et
950 4020 1110 4085 memoria
1134 4021 1177 4084 de
1202 4028 1319 4084 sancta
1341 4018 1483 4083 Batilde.

276 4110 315 4172 ln
339 4110 463 4173 missa.fl
488 4108 595 4190 Kyrie
615 4110 819 4190 omnipotens.
874 4109 1023 4190 Spiritus
1047 4119 1079 4171 et
1108 4108 1193 4171 alme
1208 4157 1215 4172 .
1231 4116 1266 4169 et
1291 4106 1486 4170 Benedictus

272 4195 499 4278 Marz‘efilius.

305 4330 315 4363 ¹
332 4349 356 4382 r.
370 4330 392 4382 is
403 4333 516 4398 wrongly
526 4332 600 4398 given
612 4331 637 4382 in
649 4335 720 4398 place
731 4332 761 4383 ol
768 4350 808 4384 xv.
822 4349 917 4399 among
929 4334 971 4382 the
982 4333 1075 4394 golden
1087 4332 1214 4389 numbers,
1228 4330 1254 4380 in
1266 4340 1307 4395 95.

305 4395 317 4427 ²
334 4397 359 4448 S.
375 4399 509 4474 Marcello
925 4397 936 4428 ⁸
952 4397 1115 4474 dpminioali:
1132 4396 1173 4459 87,
1184 4395 1224 4446 88.

306 4460 317 4491 ⁴
334 4472 358 4512 et
369 4463 446 4526 lesora
457 4463 538 4514 mhrl:
555 4461 597 4524 87,
610 4462 650 4513 88.
924 4461 935 4494 ⁶
951 4462 1082 4514 dieantura
1099 4462 1140 4525 87,
1154 4461 1194 4512 88.

307 4524 422 4578 ‘mutus
432 4543 522 4593 super:
538 4530 595 4578 add.
609 4539 650 4591 97,
663 4539 703 4579 01.

269 3051 333 3121 Jan.
347 3047 402 3120 24]
