3316 5220
455 452 640 515 QUINTUM
656 453 691 502 D.
726 453 783 502 xit.
796 453 834 501 xi.
848 453 906 503 uiir'.
920 454 961 503 rii.
974 454 1046 503 xr'ir'r'.
1311 463 1360 520 325

195 612 230 684 (Ι
253 607 350 670 Feria
365 607 413 670 .vi.
430 607 472 669 de
488 606 574 669 sesto
590 605 664 682 loci,
679 615 712 668 et
725 607 887 669 memoria
903 606 945 669 de
961 606 1182 690 martyribus.¹

195 733 230 803 (Ι
253 726 413 803 Sabbato,
428 727 471 790 de
495 736 612 790 sancta
640 727 769 789 Maria:
793 736 827 789 et
852 728 1012 790 memoria
1027 737 1159 792 tantum
1182 731 1225 793 de
1241 739 1360 793 sancto

152 814 344 879 Benedicto.
390 814 447 877 Ad
459 833 614 895 vesperas
629 813 851 895 reliquiarum,
867 813 925 877 liat
947 816 1108 878 memoria
1124 816 1167 878 de
1181 816 1360 894 dominica,

152 911 187 965 et
202 903 245 965 de
260 901 426 965 Trinitate
441 899 503 964 sub
518 900 658 964 silentio.
704 901 736 963 N
739 900 820 964 ulla²
834 903 1010 983 processio.

328 1028 362 1097 (Ι
386 1021 566 1086 Dominica
591 1021 665 1098 iiii,
692 1019 813 1084 festum
835 1020 1067 1102 reliquiarum:
1091 1022 1228 1087 lestum³
1252 1024 1360 1087 maius

151 1073 205 1142 Jul.
221 1070 275 1143 η’]
330 1109 465 1192 duplex.

195 1235 228 1305 (Ι
252 1229 413 1312 Quotidie
444 1228 502 1292 fiat
526 1229 687 1292 memoria
707 1228 750 1291 de
776 1228 922 1311 reliquiis
947 1248 1006 1311 per
1029 1238 1119 1292 totas
1145 1239 1291 1303 octauas,
1315 1230 1359 1292 de

153 1337 352 1399 quocunque
365 1316 423 1380 fiat
438 1316 625 1392 seruicium,
640 1336 716 1378 cum
733 1315 892 1391 Collecta,
909 1316 995 1380 sicut
1011 1315 1097 1380 solet
1112 1317 1177 1380 dici
1193 1317 1236 1379 ad
1249 1317 1358 1398 quoti-

153 1405 270 1467 dianas
287 1406 468 1467 matutinas
485 1404 591 1466 Marie
607 1403 751 1485 virginis.

194 1529 229 1599 (Ι
253 1524 282 1586 F
282 1524 349 1586 etia
364 1524 403 1587 ii.
419 1524 462 1586 de
478 1522 567 1586 feria
613 1522 718 1584 Missa
733 1521 950 1585 dominicalis

193 1649 228 1719 (Ι
252 1644 281 1706 F
282 1645 349 1707 eria
363 1644 414 1707 ,iii
431 1644 473 1706 de
488 1642 575 1706 sesto
591 1642 661 1705 loci.

194 1770 228 1839 (Ι
253 1765 281 1827 F
283 1765 350 1827 eria
365 1764 427 1828 ‚iiii
444 1764 486 1826 de
501 1773 619 1826 sancto
636 1762 833 1827 Swithuno:
857 1763 902 1826 ix.
919 1762 1085 1826 lectiones.

193 1890 228 1960 (Ι
253 1885 349 1948 Feria
364 1907 401 1948 .v.
417 1886 460 1948 de
475 1893 593 1946 sancto
609 1882 807 1947 Osmundo:
831 1883 875 1945 ix.
892 1882 1051 1946 lectiones
1067 1883 1110 1947 de
1126 1884 1304 1947 communi.

153 2092 161 2154 Ι
194 2010 229 2105 (Ι
253 2004 350 2068 Feria
368 2006 416 2068 .vi.
441 2007 483 2068 de
505 2014 623 2066 sancto
647 2003 834 2066 Kenelmo:
860 2003 1094 2066 Inuitatorium
1118 2003 1267 2084 duplex:
1291 2013 1358 2067 tres

165 2103 320 2156 ectrones.

194 2212 412 2363 pthabbato,
442 2211 485 2274 de
515 2219 631 2273 sancta
663 2210 792 2273 Maria:
824 2218 858 2273 et
889 2210 1049 2273 memoria
1078 2209 1121 2273 de
1145 2221 1262 2273 sancto
1293 2211 1358 2274 Ar·

151 2321 196 2364 nu
211 2321 234 2383 p
258 2321 287 2363 o.

195 2427 228 2497 (Ι
251 2419 319 2483 Vbi
335 2418 420 2483 fiunt
436 2427 502 2480 tres
524 2417 870 2494 commemorationes
887 2417 919 2479 in
943 2417 973 2480 ii.
998 2415 1078 2479 seria
1097 2416 1156 2480 liat
1177 2438 1243 2479 vna
1266 2438 1358 2481 corn-

153 2508 373 2571 memoratio:
396 2517 430 2568 et
446 2508 559 2568 omnia
578 2505 803 2586 Responsoria
820 2504 945 2567 ferialia
969 2507 1264 2585 pretermittantur,
1286 2506 1358 2567 siue

151 2597 219 2659 sint
238 2597 305 2658 due
328 2594 678 2669 commemorationes
693 2593 764 2654 siue
787 2594 874 2654 tres.⁴
920 2591 976 2653 Ad
993 2612 1158 2673 vesperas,
1173 2591 1358 2673 antiphona

151 2683 284 2745 Montes
310 2680 431 2757 Gelboe,
458 2679 608 2763 psalmus
632 2678 854 2761 Magnificat:
889 2677 1049 2741 memoria
1067 2680 1110 2742 de
1129 2678 1291 2760 reliquiis:
1314 2679 1358 2742 de

152 2770 337 2833 Trinitate:
360 2778 394 2830 et
411 2768 578 2849 processio
595 2765 659 2829 fiat.

326 2894 361 2964 (Ι
384 2887 565 2950 Dominica
579 2908 616 2949 .v.
633 2895 710 2968 post
733 2885 943 2961 Trinitatem,
966 2895 1038 2948 tota
1060 2884 1189 2948 dicatur
1210 2884 1357 2948 historia

149 2942 203 3010 Jul.
221 2938 273 3011 ¹9']
330 2976 367 3038 ln
385 2973 539 3038 laudibus
554 2993 620 3036 vna
643 2972 835 3055 antiphona

192 3105 226 3175 (Ι
250 3098 349 3160 Feria
364 3097 403 3160 ‚ii.
420 3097 463 3159 de
478 3104 595 3158 sancta
608 3095 818 3175 Margareta:
842 3093 886 3158 ix.
903 3092 1069 3157 lectiones.

191 3225 225 3294 (Ι
250 3219 347 3281 Feria
362 3217 413 3280 iii.
429 3218 472 3280 de
488 3215 574 3279 sesto
590 3216 663 3292 loci,
677 3224 712 3278 et
729 3214 890 3277 memoria
905 3214 948 3277 de
964 3222 1080 3276 sancta
1096 3214 1256 3277 Praxede.

149 3427 229 3509 plex
245 3449 252 3487 :
271 3426 314 3488 ix.
331 3424 509 3487 lectiones:
532 3433 564 3485 et
582 3422 742 3485 memoria
757 3423 800 3485 de
820 3420 964 3484 abbate.³

193 3546 290 3609 Feria
306 3566 353 3622 .v.,
368 3544 411 3607 de
426 3553 543 3607 sancta
560 3542 677 3618 Maria,
691 3550 726 3604 et
743 3540 904 3603 memoria
915 3539 958 3603 de
973 3550 1090 3604 sancto
1106 3539 1311 3622 Apollinare.

191 3672 224 3742 (Ι
250 3665 347 3727 Feria
373 3665 422 3728 .vi.
450 3666 492 3727 de
518 3673 634 3727 sancta
659 3662 815 3739 cristina,
840 3681 916 3725 cum
945 3670 1115 3725 nocturno.
1160 3660 1354 3743 Capitulum

151 3752 335 3835 Confitebor.
382 3751 485 3813 Missa
501 3750 544 3814 de
566 3749 703 3834 vigilia.⁰

190 3878 225 3950 (Ι
248 3871 409 3947 Sabbat0,
426 3871 468 3934 de
484 3880 601 3934 sancto
620 3871 743 3933 Iacobo
759 3869 936 3951 apostolo!
955 3866 1094 3930 Inferius
1115 3867 1251 3950 duplex.
1297 3868 1354 3931 Ad

147 3959 313 4024 secundas
335 3979 489 4041 vesperas
511 3957 569 4021 fiat
594 3957 754 4020 memoria
779 3956 823 4019 de
850 3955 1038 4018 dominica:
1062 3955 1270 4037 Antiphona,
1284 3955 1359 4018 Rex

181 4246 189 4278 ¹
207 4248 308 4314 Septem
322 4246 456 4296 Fratribus
784 4241 796 4272 '³
811 4242 856 4293 sed
867 4242 944 4306 before
955 4242 1038 4291 nulla:
1056 4240 1097 4302 87,
1110 4240 1150 4290 88.

179 4313 191 4343 ³
206 4314 313 4364 festum:
334 4329 381 4361 om.
395 4313 437 4373 87,
449 4309 489 4359 88.

180 4377 192 4409 ⁴
208 4380 242 4428 Et
253 4377 328 4428 missa
339 4376 496 4427 dominicalis
508 4374 597 4425 dicitur
609 4373 634 4424 in
646 4373 753 4439 capitulo
768 4373 828 4423 feria
840 4372 871 4421 ri.
884 4391 891 4421 ε
908 4374 964 4421 add.
979 4384 1021 4434 97,
1033 4383 1074 4422 01.

179 4442 234 4495 ⁸8.
252 4441 446 4507 Wandragoeilo.
784 4438 795 4468 ⁶
812 4439 838 4489 S.
854 4438 948 4488 lacobi.

178 4508 189 4541 ⁷
205 4511 337 4575 apostolo:
355 4525 402 4557 om,
416 4506 457 4568 87,
470 4504 510 4555 88.
