3330 5218
289 454 318 505 74
624 440 900 492 DIRECTORIUM
917 441 1183 492 SACERDOTUM.

331 602 367 672 (Ι
389 594 486 658 Feria
511 616 549 657 .v.
564 595 608 658 de
630 604 758 658 octaua
785 594 1018 657 lnuitatorium
1041 594 1173 677 triplex,
1198 595 1310 661 Medic
1333 596 1491 662 lectiones

290 682 333 747 de
362 683 487 745 sanctis
516 681 597 745 Vito
623 692 658 745 et
691 681 858 745 Modesto,
905 681 944 744 In
976 680 1129 744 laudibus
1159 703 1276 747 omnes
1306 684 1492 767 antiphone

289 770 451 834 dicuntur.
496 768 554 831 Ad
579 787 745 851 vesperas,
779 766 964 850 antiphona
1001 768 1181 850 Sapientia,
1220 770 1368 853 psalmus
1392 772 1494 836 Dixit

288 857 453 920 Dominus
467 875 542 920 cum
558 855 705 936 reliquis1
721 855 754 917 in
771 855 877 937 prima
889 864 995 932 nocte,
1009 855 1168 936 Hymnus
1185 857 1300 920 Sacns
1313 859 1466 923 solennizk
1475 886 1491 936 ,·

288 943 469 1006 versiculus
498 943 625 1005 Panem
662 941 702 1004 de
736 942 824 1016 celtu
862 941 1060 1024 Antiphona
1092 943 1121 1007 0
1149 965 1303 1020 sacrm,-
1341 947 1493 1028 psalmus

288 1030 514 1113 Magnificat‚·
549 1029 709 1093 memoria
737 1029 781 1092 de
810 1039 928 1093 sancto
966 1030 1111 1093 Ricardo
1140 1040 1175 1094 et
1204 1033 1247 1095 de
1277 1035 1493 1115 martyribus'

288 1117 476 1181 solenniter.
1140 1142 1146 1151 ·

333 1233 367 1304 (1
390 1228 487 1292 Feria
502 1228 550 1291 .vi.
565 1228 608 1291 de
627 1236 743 1291 sancto
767 1227 912 1291 Ricardo
928 1228 981 1290 ix.
998 1228 1179 1292 lectiones.
1198 1230 1309 1293 Medic
1332 1230 1491 1295 lectiones

289 1316 332 1379 de
357 1315 569 1397 martyribus²
585 1334 660 1377 cum
684 1314 846 1378 versiculo
864 1325 898 1378 et
922 1315 1155 1398 Responsoriis
1178 1317 1221 1379 de
1242 1317 1390 1381 secundo
1413 1339 1491 1382 noc·

289 1413 388 1466 turno
414 1401 630 1485 plurimorum
655 1410 847 1484 martyrum.
893 1401 950 1465 Ad
976 1402 1157 1465 matutinas
1187 1403 1317 1466 dicatur
1342 1404 1492 1488 psalmus

289 1490 352 1554 Ad
363 1499 393 1552 te
406 1489 525 1553 leuaui.
572 1488 739 1554 Secunde³
762 1508 897 1570 vespere
919 1498 1015 1552 erunt
1038 1490 1080 1551 de
1102 1500 1220 1553 sancto
1244 1491 1397 1566 Ricardo,
1414 1512 1491 1555 cum

290 1577 451 1640 memoria
467 1576 509 1639 de
524 1586 642 1639 sancta
659 1575 774 1653 Maria,
790 1574 973 1657 antiphona
990 1574 1060 1640 Sub
1075 1585 1176 1638 tuam.

309 1756 312 1761 ⁴
332 1694 366 1765 01
390 1688 550 1764 Sabbato,
565 1688 608 1751 de
629 1697 746 1750 sancta
769 1686 884 1749 Maria
930 1687 987 1753 Ad
1008 1706 1162 1769 vesperas
1185 1686 1243 1751 fiat
1267 1690 1427 1753 memoria
1449 1690 1494 1753 de

292 1776 505 1858 martyribus⁴
520 1784 555 1838 et
570 1775 736 1858 processio
752 1785 830 1838 ante
844 1794 985 1837 crucem.

465 1891 499 1962 (1
523 1886 699 1949 Dominica
723 1885 878 1960 secunda,
903 1886 946 1950 de
968 1885 1108 1948 seruicio
1134 1885 1333 1950 dominicali.
1379 1889 1493 1952 Medic

289 1938 362 2007 June
378 1934 430 2007 ¹8¹]
466 1974 625 2036 lectiones
649 1974 692 2036 de
718 1973 938 2054 martyribus;
975 1982 1111 2035 sextum
1136 1974 1398 2055 Responsorium
1423 1975 1496 2038 Hec

287 2070 336 2124 est
349 2059 657 2139 verafrutemz'tus‚⁵
673 2079 797 2123 nonum
816 2059 1076 2140 Responsorium
1092 2059 1286 2123 Beneduau
1333 2063 1372 2124 ln
1388 2062 1494 2126 laudi·

289 2148 352 2211 bus
366 2167 433 2209 vna
448 2147 634 2231 antiphona
648 2156 683 2210 et
699 2146 859 2210 memoria
874 2145 918 2209 de
933 2146 1146 2227 martyribus⁷
1161 2148 1253 2210 etde
1269 2148 1440 2212 Trinitate.

332 2264 366 2335 01
390 2259 486 2322 Feria
502 2261 541 2323 .ii.
556 2261 599 2323 de
623 2258 836 2340 martyribus⁸
857 2277 933 2320 cum
956 2258 1118 2321 versiculo
1140 2268 1173 2321 et
1197 2258 1428 2342 Responsoriis
1451 2264 1495 2325 de

290 2348 438 2410 secundo
454 2356 624 2422 nocturno,
640 2366 716 2408 cum
734 2346 959 2428 Responsorio
974 2344 1045 2408 Hec
1057 2354 1105 2407 est
1116 2366 1202 2408 vera.

332 2463 366 2534 ΕΙ
390 2459 486 2522 Feria
501 2459 552 2522 .iii.
568 2460 611 2522 de
626 2458 711 2521 festo
727 2457 798 2521 loci.
883 2491 887 2499 ,

332 2576 367 2646 (I
390 2571 487 2634 Feria
502 2572 564 2635 .iiii.
577 2570 620 2634 de
635 2579 751 2634 sancta
768 2569 884 2632 Maria.

333 2689 367 2758 01
390 2684 457 2747 Vbi
473 2683 557 2746 fiunt
572 2691 639 2746 tres
661 2681 1004 2757 commemorationes,
1019 2681 1052 2743 in
1073 2683 1220 2746 secunda
1243 2681 1323 2746 feria
1345 2680 1404 2746 fiat
1427 2704 1495 2747 vna

289 2772 572 2846 commemoratio
588 2781 622 2833 et
638 2770 797 2833 memoria
813 2777 944 2831 tantum
960 2771 1003 2832 de
1019 2769 1240 2850 martyribus.⁸

333 2887 368 2957 (I
391 2883 488 2946 Feria
503 2905 541 2946 .v.
557 2882 600 2945 de
615 2890 731 2945 sancto
754 2880 900 2957 Alban0,
916 2880 962 2944 ix.
985 2879 1143 2944 lectiones
1167 2901 1241 2945 cum
1268 2881 1494 2964 Responsorio

291 2970 513 3050 Percepturus.

334 3087 368 3158 01
392 3082 489 3145 Feria
504 3081 553 3144 .vi.
569 3082 611 3143 de
627 3089 744 3143 sancta
768 3079 982 3155 Etheldreda,
998 3099 1074 3141 cum
1091 3089 1263 3156 nocturno,
1285 3089 1319 3143 et
1342 3081 1494 3162 Respon-

291 3168 399 3232 soriis⁹
415 3168 565 3251 Regnum
582 3167 706 3230 mundi.
752 3167 859 3230 Missa
874 3166 916 3229 de
932 3165 1045 3247 vigilia
1060 3166 1166 3228 sancti
1182 3165 1349 3230 Iohannis.

334 3286 368 3357 01
392 3279 543 3345 Sabbato
565 3280 608 3344 de
628 3276 753 3354 sanctii
777 3278 928 3341 Iohanne
952 3277 1113 3360 Baptista,
1129 3278 1239 3341 minus
1254 3278 1391 3359 duplex.
1435 3279 1493 3343 Ad

291 3388 456 3452 vesperas,
472 3367 633 3430 memoria
648 3367 711 3430 sub
734 3365 868 3428 silentio
890 3364 933 3428 de
955 3365 1132 3441 dominica,
1148 3374 1183 3427 et
1204 3366 1248 3429 de
1270 3366 1443 3443 Trinitate‚
1460 3378 1495 3429 et

291 3455 383 3518 nulla
399 3455 566 3537 processio
582 3466 660 3516 ante
675 3473 817 3515 crucem.

468 3573 502 3642 01
525 3566 704 3630 Dominica
726 3563 778 3627 iii.
809 3563 852 3626 de
881 3563 1022 3627 seruicio
1054 3563 1255 3639 dominicali,
1288 3566 1396 3628 medie
1430 3563 1495 3627 lec-

291 3618 364 3687 June
377 3613 432 3686 ²⁵⁶]
468 3655 577 3717 tiones
592 3652 635 3716 de
654 3653 790 3727 octauis,
809 3670 886 3713 cum
909 3652 1134 3733 Responsorio
1155 3651 1382 3732 ¹⁰Priusquum
1412 3649 1495 3728 te;¹-¹

292 3756 417 3803 nonum
437 3740 698 3823 Responsorium
718 3738 911 3802 Benedictus
924 3738 1049 3801 Deus¹²
1097 3739 1135 3800 ln
1160 3738 1313 3801 laudibus
1327 3758 1394 3802 vna
1409 3739 1494 3802 anti·

291 3827 413 3910 phona,
428 3840 461 3891 et
477 3829 542 3890 due
558 3826 726 3890 memorie.

333 3945 368 4041 φ
391 3941 543 4090 Feltriadii.
566 3941 609 4003 de
632 3938 757 4002 sanctis
784 3938 933 4000 Iohanne
955 3948 990 4001 et
1013 3937 1127 4000 Paulo,
1173 3937 1397 4020 Responsoria
1420 3958 1495 4019 pro-

291 4047 363 4111 pua
379 4038 412 4091 et
440 4047 480 4090 au
507 4048 551 4089 es.

322 4226 331 4258 ¹
350 4226 475 4292 reliquiis:
494 4224 534 4286 87,
546 4237 587 4275 o1.
849 4219 861 4252 ⁹
876 4222 922 4273 SS.
937 4221 1033 4272 eiricus
1043 4230 1068 4272 et
1081 4221 1174 4272 lulitta
1211 4221 1251 4272 Ci.
1271 4222 1348 4272 Breu.
1363 4222 1421 4272 Sar.
1436 4232 1494 4285 323.

323 4291 334 4323 ³
350 4292 481 4343 Secunde:
497 4307 544 4340 om.
559 4288 600 4351 87,
613 4287 653 4339 88.
942 4286 953 4317 ⁴
969 4287 1016 4338 SS.
1032 4288 1120 4337 Marco
1131 4296 1156 4337 et
1169 4287 1341 4337 Marcelliano.

323 4355 377 4394 ’Δ
392 4374 459 4407 om.:
477 4366 519 4417 97,
531 4369 572 4405 01.
941 4351 951 4384 ⁷
969 4353 1015 4403 SS.
1031 4354 1119 4402 Marco
1130 4362 1156 4402 et
1168 4352 1340 4403 Marcelliano.

323 4422 334 4454 ⁸
350 4423 397 4474 SS.
411 4420 533 4473 Gemusio
544 4431 570 4470 et
582 4418 720 4469 Prothesio.
943 4414 954 4448 ⁹
971 4417 1157 4482 Responsorio:
1175 4416 1215 4479 87.

325 4487 345 4519 ¹⁰
362 4489 393 4538 R.
407 4487 581 4551 Priusquam:
598 4485 630 4535 cf.
644 4486 720 4548 urm.
733 4484 791 4534 Sar.
811 4494 866 4547 350.
944 4480 1018 4519 ¹¹-¹²
1031 4499 1099 4533 uun:
1116 4493 1158 4546 97,
1170 4495 1211 4533 οι.
