3326 5208
684 430 890 485 sarrurrc.
1345 446 1393 499 255

199 594 257 689 ,11
282 589 378 651 Feria
404 589 441 651 ‚ii
466 588 510 652 de
537 590 759 670 martyribus,¹
786 587 1017 651 Inuitatorium
1049 587 1199 670 duplex:
1233 598 1300 651 tres
1327 589 1391 653 lec-

182 686 298 739 tiones

225 793 259 863 11
284 789 311 851 F
313 789 380 850 etia
395 788 443 851 iii.
466 789 509 850 de
526 797 644 851 sancta
660 785 883 864 Cuthberta†‚¹
902 787 1134 850 lnuitatorium
1150 789 1298 870 duplex:
1323 799 1389 853 tres

181 875 341 938 lectiones
356 876 400 937 de
415 875 584 937 communi
599 875 694 937 vnius
710 875 844 956 virginis
860 876 907 937 et8
920 894 985 936 non
1011 875 1172 957 martyris.

224 992 258 1062 11
283 988 379 1050 Feria
402 987 461 1050 iiii.
489 986 532 1049 de
556 995 672 1049 sancto
698 986 827 1069 Egidio.
884 986 996 1049 Medic
1022 986 1180 1050 lectiones
1204 990 1247 1051 de
1273 1000 1391 1052 sancto

182 1074 302 1150 Prisc0,
317 1094 393 1137 cum
410 1073 576 1136 versiculis
592 1084 626 1137 et
643 1074 874 1156 Responsoriis
890 1074 932 1136 de
949 1075 1096 1136 secundo
1116 1084 1281 1139 nocturno
1295 1077 1391 1138 vnius

183 1163 346 1242 martyris.

223 1279 257 1349 11
283 1274 379 1336 Feria
394 1294 431 1336 .v.
448 1273 490 1336 de
507 1271 593 1336 feria
640 1271 864 1355 Responsoria
890 1271 1055 1354 deprimo
1071 1282 1240 1337 nocturno.
1289 1275 1392 1338 Missa

180 1361 399 1425 dominicalis.

225 1478 259 1548 11
285 1473 380 1536 Feria
395 1473 443 1535 .vi.
459 1472 502 1535 de
518 1470 604 1534 sesto
626 1471 697 1535 loci.

226 1590 260 1660 11
285 1583 445 1660 sabbato,
460 1584 503 1646 de
518 1593 635 1646 sancta
652 1583 768 1659 Maria,
784 1592 818 1645 et
835 1584 995 1645 memoria
1006 1586 1049 1647 de
1064 1595 1181 1647 sancto
1197 1583 1390 1651 Cuthberto.

226 1703 260 1773 11
283 1697 351 1760 Vbi
368 1696 452 1759 fiunt
477 1704 544 1758 tres
566 1696 909 1771 commemorationes
924 1696 957 1757 in
974 1716 1011 1759 .v.
1028 1693 1108 1759 seria
1131 1694 1189 1759 fiat
1211 1718 1278 1760 vna
1300 1720 1389 1763 com-

184 1785 389 1847 memoratio.
456 1783 501 1845 Et
526 1793 605 1845 tunc
637 1782 737 1844 missa
763 1781 970 1845 dominicalis
1003 1783 1134 1846 dicitur⁴
1160 1785 1192 1846 in
1218 1785 1266 1848 ‚iii
1291 1785 1393 1862 seria,⁵

185 1892 245 1954 pro
271 1891 405 1934 summa
432 1871 554 1933 missa⁵
614 1868 745 1931 Tamen
772 1869 909 1951 quando
937 1870 1058 1932 festum
1083 1872 1188 1933 sancti
1216 1871 1391 1937 Cuthberti

183 1979 258 2021 cum
276 1959 320 2021 ix.
336 1957 534 2020 lectionibus
549 1956 744 2032 celebratur,
759 1966 839 2018 tunc
855 1954 913 2019 fiat
936 1959 1209 2020 commemoratio
1233 1958 1305 2022 sesti
1330 1960 1391 2023 loci

184 2047 216 2108 in
233 2067 270 2109 .v.
287 2044 375 2117 seria,
398 2054 432 2107 et
456 2043 730 2106 commemoratio
753 2054 867 2105 sancte
893 2043 997 2105 Marie
1020 2045 1052 2106 in
1076 2044 1123 2107 .vi.
1141 2046 1227 2109 seria.
1274 2046 1320 2109 Et
1343 2048 1391 2111 ‚iii

185 2131 467 2203 commemoratio,
480 2131 507 2191 si
521 2128 627 2206 suerit,
639 2130 672 2190 in
684 2129 732 2192 .iii.
746 2129 825 2192 feria
841 2130 1032 2203 celebretur,
1044 2140 1078 2193 et
1088 2134 1247 2195 memoria
1260 2144 1390 2199 tantum

184 2220 227 2283 de
253 2220 399 2301 virgine⁶
443 2216 503 2280 ⁶Et
529 2228 609 2279 tunc
634 2217 747 2278 missa⁵
770 2216 977 2280 dominicalis
1004 2219 1037 2280 in
1063 2219 1101 2282 ,ii.
1129 2218 1209 2281 feria
1233 2231 1393 2297 cantetur,

185 2327 245 2388 pro
261 2325 393 2369 summa
417 2305 524 2367 missa

360 2422 394 2492 11
418 2416 597 2479 Dominica
619 2415 668 2490 .ii.,
695 2427 767 2478 tota
794 2425 946 2478 cantetur
971 2416 1124 2480 historia:
1163 2429 1202 2481 et·
1233 2422 1393 2484 memoria

362 2513 495 2566 tantum
513 2503 555 2564 de
567 2511 685 2564 sancto
701 2503 844 2565 Bertino.
892 2504 931 2565 In
950 2502 1102 2567 laudibus
1118 2526 1184 2567 vna
1199 2507 1391 2589 antiphona.

228 2621 261 2691 11
287 2616 382 2678 Feria
397 2616 434 2678 .ii.
451 2614 493 2677 de
509 2613 595 2677 sesto
609 2615 679 2678 loci.

229 2733 263 2802 11
288 2728 383 2790 Feria
406 2728 465 2804 iii,
489 2728 625 2808 plenum
652 2727 825 2788 seruicium
852 2726 895 2789 de
919 2737 1035 2790 sancta
1060 2728 1174 2793 Maria
1222 2730 1325 2793 Nihil'
1351 2732 1395 2794 de

186 2815 315 2896 vigiliis¹
346 2815 406 2877 nisi
445 2815 601 2876 ieiunium
639 2823 779 2876 tantum.
842 2813 898 2876 Ad
929 2834 1084 2896 vesperas
1122 2817 1252 2879 dicatur
1288 2819 1394 2881 oratio

189 2902 459 2982 Supprz'cationem
474 2921 650 2963 seruorum.

230 3019 263 3089 11
288 3014 383 3077 Feria
399 3014 469 3089 .iiii.,
493 3012 660 3075 Natiuitas
683 3012 782 3075 beate
808 3012 922 3087 Mane,
948 3013 1053 3075 maius
1080 3014 1229 3097 duplex:
1254 3029 1287 3079 et
1313 3016 1394 3081 fiant

187 3113 307 3164 octaue
323 3121 398 3163 cum
416 3099 573 3183 regimine
588 3098 686 3162 chori.

231 3219 264 3289 11
289 3214 385 3275 Feria
398 3234 434 3275 .v.
447 3214 489 3275 de
504 3212 665 3274 octauis⁰:
684 3221 750 3273 tres
767 3210 925 3273 lectiones
940 3234 946 3272 :
966 3211 1120 3274 Tercium
1132 3213 1393 3298 Responsorium

192 3299 343 3375 Glorioso,
359 3311 393 3362 et
409 3299 568 3361 memoria
583 3297 626 3361 de
641 3310 758 3360 sancto
775 3298 952 3379 Gorgonio.

231 3419 265 3488 11
290 3414 385 3475 Feria
408 3413 456 3475 .vi.
484 3413 526 3474 de
552 3411 713 3474 octauis⁹z
746 3406 811 3472 ties
840 3411 1005 3474 lectiones.
1065 3412 1218 3476 Tercium
1245 3416 1396 3497 Respon-

189 3502 312 3562 sorium
329 3499 455 3581 Regali.

232 3618 266 3687 (
291 3611 450 3683 Sabbat0,
473 3612 515 3673 de
538 3610 683 3673 octauis:
708 3619 775 3671 tres
799 3608 975 3673 lectiones:
1000 3612 1275 3692 ¹⁰Responsoria¹⁰
1296 3613 1395 3677 Nati-

191 3700 278 3761 uitas
292 3709 355 3760 est:
378 3710 412 3760 et
429 3697 588 3760 memoria
604 3699 646 3759 de
662 3696 895 3777 martyribus.¹¹
943 3697 999 3759 Ad
1012 3718 1176 3779 vesperas,
1191 3700 1233 3762 de
1249 3702 1397 3777 octanis,⁹

189 3796 223 3848 et
248 3786 407 3848 memoria
429 3784 472 3847 de
495 3784 668 3859 dominica,
691 3782 874 3864 antiphona
897 3784 977 3846 Peto
999 3786 1158 3848 Domine:
1179 3796 1213 3848 et
1237 3789 1398 3851 memoria

191 3874 234 3935 de
259 3873 421 3935 Trinitate
448 3892 523 3934 cum
550 3871 760 3953 processione
784 3881 863 3933 ante
886 3891 1024 3934 crucem.
1073 3873 1113 3934 ln
1138 3873 1274 3936 introitu
1297 3875 1397 3951 chori,

191 3960 375 4041 antiphona
392 3959 552 4023 saluatur
565 3956 687 4020 mundi.

186 2468 262 2537 Sept·
279 2465 313 2538 sl

225 4178 233 4210 ¹
251 4182 297 4230 SS.
313 4181 396 4230 Felice
407 4192 432 4229 et
450 4179 573 4229 Adaucto.
771 4178 783 4207 ‘¹
799 4178 960 4242 Cuthburga:
979 4179 1019 4238 87,
1033 4179 1072 4228 88.

223 4244 235 4273 ²
251 4258 293 4294 et:
311 4263 357 4295 ont.
372 4246 413 4305 87,
426 4245 467 4304 88,
480 4257 521 4306 97,
534 4258 574 4294 οι.
773 4242 783 4273 ¹
799 4243 913 4293 dicatur:
931 4243 971 4303 87,
983 4244 1030 4293 88:
1048 4245 1074 4293 in
1086 4246 1214 4310 capitulo:
1229 4249 1286 4296 add.
1300 4260 1341 4310 97,
1355 4262 1395 4298 οι.

225 4309 278 4347 5-5
294 4328 340 4359 one,
355 4322 395 4373 97,
408 4324 448 4360 01.
773 4306 784 4337 ⁶
801 4309 826 4358 S.
841 4309 994 4373 Cuthburga.

224 4375 235 4406 ¹
251 4388 274 4425 et
287 4378 364 4440 before
375 4376 455 4425 nihil:
473 4392 520 4432 om.
535 4374 575 4436 87,
589 4374 628 4425 88.
773 4372 784 4403 ⁸
800 4374 893 4468 vipilim
905 4373 936 4422 88
948 4393 954 4422 ε
973 4374 1031 4439 vig’,
1044 4373 1083 4437 87.

225 4439 237 4469 ¹
253 4441 312 4490 Nat.
330 4443 356 4490 B.
373 4443 409 4490 M.
772 4437 824 4475 ¹⁰-

835 4438 845 4469 ⁰
862 4451 964 4489 tercium
979 4440 1190 4505 Responsorium:
1209 4441 1250 4505 87,
1264 4442 1296 4492 88

228 4504 246 4535 ¹¹
265 4508 309 4557 SS.
326 4508 401 4556 Proto
413 4517 437 4556 et
450 4506 569 4556 lacincto.
