3372 5224
486 448 704 500 SECUNDUM
720 448 752 498 B.
786 449 864 497 xviii.
883 464 910 496 x.
928 449 976 498 vii.
996 449 1048 497 iiii.
1067 465 1111 498 xv,
1361 462 1404 511 141

242 611 276 681 (Ι
299 603 459 676 Sabbat0,
491 603 534 666 de
564 611 680 665 sancta
712 601 828 671 Maria,
851 610 885 664 et
910 602 1070 664 memoria
1093 601 1136 664 de
1160 612 1277 665 sancto
1300 601 1407 685 Apol-

199 692 311 755 linare.
365 690 432 753 Vbi
460 688 545 752 fiunt
571 699 637 752 tres
659 687 1003 764 commemorationes,
1030 689 1063 751 in
1091 689 1131 752 ii.
1158 688 1239 752 seria
1262 687 1320 752 fiat
1342 709 1409 752 vna

201 776 483 841 commemoratio.
528 776 586 839 Ad
613 796 767 857 vesperas
789 775 974 857 antiphona
997 775 1071 838 Rex
1091 786 1221 838 autem:
1249 777 1409 839 memoria

203 866 245 929 de
260 875 377 927 sancta
392 862 547 938 Cristina,
563 863 605 926 de
622 862 796 939 Trinitate,
811 871 846 925 et
861 863 1047 944 processio.¹

377 998 411 1068 (Ι
434 991 615 1056 Dominica
629 992 713 1067 .viii.,
728 992 771 1055 de
792 991 932 1054 seruicio
953 990 1163 1055 dominicali:
1186 991 1295 1056 medie
1318 991 1409 1056 lecti·

201 1040 334 1116 july24]
378 1098 460 1141 ones
483 1079 525 1142 de
547 1087 665 1142 sancta
686 1077 838 1143 Cristina
887 1078 926 1141 In
950 1077 1103 1142 laudibus
1126 1100 1192 1142 vna
1214 1079 1407 1162 antiphona

204 1165 260 1229 Ad
276 1185 431 1246 vesperas
446 1166 489 1229 de
504 1175 620 1229 sancto
638 1165 770 1240 lacobo,
786 1165 945 1228 solennis¹
960 1166 1122 1229 memoria
1137 1166 1179 1229 de
1195 1165 1409 1249 martyribus⁸

206 1255 253 1316 et⁴
269 1252 312 1315 de
327 1253 505 1316 dominica

245 1379 279 1449 (Ι
303 1372 401 1435 Feria
415 1373 455 1436 ii.
471 1373 514 1436 de
529 1383 647 1435 sancto
664 1336 797 1447 Iacobo,
816 1371 957 1435 Inferius
980 1370 1117 1454 duplex.
1163 1372 1219 1436 Ad
1242 1372 1407 1436 secundas

204 1480 358 1542 vesperas
374 1459 416 1522 de
431 1460 586 1542 apostolo
603 1458 662 1522 fiat
675 1459 835 1523 solennis¹
851 1459 1011 1523 memoria
1026 1459 1069 1522 de
1084 1468 1200 1522 sancta
1215 1460 1328 1524 Anna.

247 1585 282 1655 (Ι
305 1579 402 1641 Feria
419 1578 470 1642 .iii.
486 1579 528 1642 de
551 1588 667 1642 sancta
690 1578 799 1653 Anna,
825 1578 1058 1642 Inuitatorium
1081 1579 1213 1662 triplex.
1258 1579 1407 1663 Vespere

203 1675 301 1728 erunt
316 1665 358 1728 de
374 1665 468 1742 festo,
484 1675 518 1728 et
533 1666 694 1729 memoria
709 1666 751 1729 de
767 1666 1029 1730 Dormientibus.

203 1871 215 1934 l
247 1786 402 1885 (ΙΡετία
431 1786 494 1851 ‚iiii
525 1786 567 1849 de
598 1787 859 1863 Dormientibus,
893 1785 1127 1850 Inuitatorium
1158 1787 1304 1870 duplex:
1340 1798 1407 1852 tres

216 1883 370 1936 ectrones

248 1998 282 2068 (Ι
306 1993 403 2056 Feria
418 2014 455 2055 .v.
471 1993 514 2056 de
529 1993 615 2058 sesto
630 1992 703 2069 loci,
719 2001 754 2056 et
770 1992 931 2056 memoria
945 1991 989 2056 de
1003 1994 1148 2057 sanctis.⁶

248 2118 282 2188 (Ι
306 2113 403 2175 Feria
423 2113 471 2176 ‚vi
497 2112 539 2176 de
564 2113 786 2196 martyribusl.
814 2113 1045 2176 Inuitatorium
1071 2111 1208 2195 duplex,
1230 2123 1297 2177 tres
1317 2114 1408 2178 lecti·

202 2219 294 2263 ones

248 2326 282 2396 (Ι
306 2319 465 2395 sabbato,
482 2319 525 2382 de
543 2329 660 2383 sancta
684 2319 800 2393 Maria,
816 2329 850 2383 et
870 2319 1029 2383 memoria
1044 2320 1088 2383 de
1103 2320 1324 2402 martyribus.
1339 2321 1407 2385 Vbi

208 2405 290 2470 fiunt
307 2418 372 2470 tres
388 2407 731 2484 commemorationes,
747 2408 779 2470 in
795 2408 844 2470 ‚vi
861 2406 941 2471 seria
964 2406 1022 2471 fiat
1036 2428 1103 2471 vna
1124 2411 1407 2485 commemoratio

206 2502 241 2556 et
257 2494 418 2557 memoria
432 2494 475 2557 de
491 2494 711 2576 martyribus⁸

249 2620 283 2690 (Ι
306 2612 364 2677 Ab
393 2612 456 2676 hac
478 2613 533 2676 die
554 2634 660 2696 vsque
681 2613 725 2676 ad
748 2613 1041 2678 circumcisionem
1065 2614 1205 2678 Domini
1228 2615 1409 2699 accipiatur

208 2698 352 2764 Sextum
368 2700 400 2762 B
414 2720 474 2784 pro
490 2700 598 2764 littera
613 2699 814 2765 dominicali.

244 4092 511 4156 mmmm
901 4097 1057 4152 ²⁸0th

244 4157 256 4190 ⁸
271 4160 318 4211 SS.
331 4160 512 4227 Christophoro
522 4170 547 4212 et
557 4161 687 4213 Cucufato

244 4223 256 4255 ⁴
271 4225 387 4291 priuatim
397 4245 405 4276 ι
422 4229 478 4276 add.
491 4225 533 4289 87,
546 4227 578 4278 88
587 4246 595 4287 ;
611 4238 636 4278 et
647 4228 729 4294 primo
745 4229 789 4279 liat
805 4228 925 4280 memoria
936 4229 968 4280 de
979 4229 1106 4281 dominica
1116 4230 1163 4282 sub
1173 4230 1288 4282 silentio:
1305 4231 1335 4281 in
1340 4232 1412 4297 place

212 4289 679 4408 ''seggomscffiffle'tolldmhnleone

244 4417 256 4450 ⁸
272 4419 318 4472 SS.
338 4421 430 4480 Felice,
444 4423 582 4487 Simplicio,
596 4423 715 4474 Faustino
725 4432 752 4474 et
762 4423 883 4475 Butrioe.

244 4485 255 4518 ⁷
271 4486 317 4538 ὃὸ.
336 4485 429 4536 Abdon
440 4496 465 4537 et
476 4488 585 4539 Sennea.
