3326 5208
512 492 689 543 TERCIUM
709 495 737 541 C.
771 490 858 543 xvii.†
872 493 921 543 xii.
942 493 979 541 ix.
998 493 1034 542 oi.
1054 493 1072 542 i.
1349 505 1400 556 219

232 649 266 719 ΙΙ
291 644 387 706 Feria
410 644 459 708 .vi.
487 646 530 708 de
567 656 683 708 sancto
720 646 890 728 Gregori0,
920 644 1061 709 Inferius
1098 644 1247 729 duplex:
1278 656 1311 710 et
1338 645 1398 710 fiat

188 731 337 794 solennis
353 732 513 795 memoria
528 732 571 795 de
587 733 715 797 ieiunio

191 848 292 902 March
305 844 357 917 ¹4]
387 850 421 919 ΙΙ
445 845 624 908 Dominica
640 845 690 909 .iii.
706 845 971 927 quadragesime,
984 854 1055 908 tota
1071 844 1201 909 dicatur
1215 845 1359 909 historia

232 962 266 1032 ΙΙ
290 957 387 1019 Feria
402 957 440 1020 .ii.
457 958 509 1020 ‚iii
525 957 588 1020 .iiii.
604 968 637 1020 et
653 958 712 1031 .vi,
729 959 772 1021 de
795 958 922 1020 ieiunio.
969 957 1014 1021 Et
1038 959 1071 1019 in
1086 957 1149 1021 .iiii.
1167 957 1247 1021 seria
1269 958 1399 1022 dicatur

190 1045 452 1126 Responsorium
469 1044 588 1118 feriale,
606 1055 640 1107 et
655 1044 720 1107 alia
735 1044 803 1108 duo
818 1045 850 1107 in
867 1054 967 1107 sexta
983 1044 1070 1107 seria.

231 1161 265 1231 (Ι
290 1156 386 1218 Feria
402 1178 439 1219 .v.
455 1156 497 1218 de
514 1165 630 1219 sancto
646 1156 822 1231 Edward0,
839 1155 1025 1238 antiphona
1040 1155 1106 1219 Iste
1113 1167 1252 1220 sanctus.
1298 1156 1396 1240 Capi-

188 1242 296 1306 tulum
321 1243 443 1305 Beatus
464 1243 527 1317 vir,
550 1245 610 1324 qui
634 1244 668 1305 in
690 1244 858 1325 sapientia.
905 1244 1167 1326 Responsorium
1190 1243 1314 1307 Beatus
1335 1245 1398 1322 vir,

188 1330 250 1412 qui
267 1329 405 1411 suffert:
428 1331 473 1393 ix.
490 1330 656 1394 lectiones.

231 1447 265 1517 ΙΙ
290 1441 451 1519 Sabbato,
466 1443 507 1505 de
524 1453 640 1506 sancto
657 1441 850 1517 Cuthberto‚
868 1443 913 1505 ix.
930 1442 1098 1506 lectiones.

189 1559 291 1612 March
309 1557 364 1628 21.]
385 1560 419 1630 (Ι
443 1555 620 1617 Dominica
635 1556 698 1617 .iiii.
715 1556 978 1637 quadragesime,
995 1565 1067 1618 tota
1083 1565 1236 1619 cantetur
1251 1555 1395 1619 historia.

230 1673 265 1743 11
289 1669 426 1730 Festum
443 1668 548 1730 sancti
565 1667 735 1730 Benedicti
752 1666 924 1730 differatur
939 1668 972 1729 in
988 1669 1178 1730 crastinum.

230 1785 264 1855 ΙΙ
289 1780 386 1843 Feria
401 1781 440 1843 .ii.
456 1779 498 1842 de
514 1789 629 1842 sancto
646 1780 836 1853 Benedicto,
854 1781 898 1842 ix.
915 1780 1082 1843 lectiones.

231 1898 265 1968 ΙΙ
289 1892 386 1955 Feria
412 1892 474 1968 .iii.,
497 1892 569 1968 .iiii,
592 1892 651 1967 .vi,
674 1900 707 1954 et
734 1890 886 1967 sabbato,
902 1894 946 1955 de
969 1893 1113 1956 ieiunio:
1136 1903 1169 1956 et
1193 1894 1226 1955 in
1250 1893 1299 1956 .vi.
1317 1893 1397 1955 feria

189 1978 318 2042 dicatur
333 1980 594 2061 Responsorium
612 1978 732 2041 feriale.

231 2097 265 2167 ΙΙ
289 2092 386 2154 Feria
401 2113 438 2154 .v.
455 2093 497 2154 de
514 2091 785 2154 Annunciatione
801 2092 899 2154 beate
916 2092 1031 2166 Marie,
1045 2093 1153 2155 minus
1169 2092 1306 2174 duplex.
1354 2092 1393 2154 In

188 2179 406 2261 completorio
421 2179 551 2241 dicatur
566 2198 679 2241 versus
698 2177 812 2242 Gloria
827 2179 895 2255 tibi,
910 2179 1059 2254 Domine,
1076 2181 1135 2260 qui
1149 2190 1254 2244 reatus.

189 2296 291 2350 March
300 2293 356 2365 28]
379 2297 413 2367 (1
437 2290 614 2354 Dominica
627 2293 659 2353 in
674 2291 832 2354 Passione
843 2292 990 2367 Domini,
1004 2302 1074 2355 tota
1088 2302 1239 2355 cantetur
1249 2292 1395 2355 historia.

230 2411 264 2480 ΙΙ
288 2405 385 2467 Feria
411 2403 460 2477 .ii,
487 2413 521 2465 et
545 2403 663 2465 ceteris
698 2403 786 2466 seriis
821 2424 881 2486 per
912 2404 1170 2481 hebdomadam,
1187 2404 1230 2466 de
1254 2404 1394 2467 ieiunio:

187 2492 337 2555 versiculi
368 2502 402 2555 et
438 2491 663 2572 Responsoria
689 2491 732 2552 de
764 2491 902 2553 historia
927 2490 1127 2565 dominicali,
1162 2492 1351 2574 incipiendo
1375 2510 1396 2552 a

187 2580 335 2643 secundo
364 2578 607 2660 Responsorio:
641 2577 686 2640 Et
712 2578 745 2639 in
769 2578 832 2639 .iiii.
858 2577 946 2653 seria,
970 2589 1004 2640 et
1030 2580 1063 2641 in
1091 2578 1241 2653 sabbat0,
1266 2579 1395 2641 dicatur

184 2678 340 2730 octauum
358 2666 619 2747 Responsorium
636 2664 772 2727 historie
795 2663 1011 2739 dominicalis
1028 2685 1104 2727 cum
1124 2665 1254 2728 duobus
1277 2663 1394 2728 seriali-

185 2754 255 2817 bus.

227 2871 262 2941 11
286 2864 390 2929 Nihil¹
408 2864 450 2926 de
466 2875 583 2927 sancto
600 2864 744 2927 Ricardo
759 2884 864 2946 vsque
879 2864 922 2927 ad
940 2864 1191 2927 translationem
1208 2864 1286 2927 eius.

184 3029 210 3082 Α
247 3027 265 3081 ,1
362 2977 598 3052 (IDominicn
621 2977 653 3038 in
671 2977 772 3038 ramis
790 2976 988 3049 Palmarum,
1004 2986 1076 3039 tota
1095 2977 1228 3040 dicitur²
1250 2976 1393 3039 historia

211 3047 254 3100 Ρη
280 3024 319 3097 4]
363 3064 514 3145 Vespere
541 3064 573 3125 in
599 3063 766 3126 dominica
789 3074 887 3127 erunt
920 3066 962 3125 de
992 3074 1108 3127 sancto
1133 3064 1323 3139 Ambrosie,
1347 3065 1395 3127 8et

183 3151 330 3215 solennis
345 3151 506 3213 memoria
521 3151 563 3213 de
579 3151 768 3213 dominica.⁴

226 3269 261 3339 11
286 3263 383 3326 Feria
398 3264 436 3326 .ii.
452 3263 495 3325 de
510 3272 627 3325 sancto
643 3262 846 3339 Ambrosi0,⁵
864 3263 1003 3326 Inferius
1018 3262 1154 3345 duplex.

226 3381 261 3451 11
285 3376 383 3438 Feria
397 3375 473 3450 .ἰίἰ.,6
487 3377 534 3437 et·'
549 3377 666 3437 ceteris
683 3373 771 3437 seriis
786 3394 846 3458 per
861 3375 1120 3450 hebdomadam,
1137 3375 1179 3437 de
1195 3374 1324 3438 ieiunio

227 3493 262 3563 11
287 3488 384 3550 Feria
420 3487 472 3550 .iii.
510 3487 677 3549 dicunturfl
716 3487 871 3568 Exequie
902 3488 1122 3563 Mortuorum,
1149 3506 1225 3549 cum
1249 3488 1305 3550 .ix.
1331 3486 1394 3549 lec-

184 3575 342 3650 tionibus,
358 3584 393 3637 et
409 3576 510 3636 missa
525 3575 558 3635 in
574 3574 729 3637 crastino
775 3574 921 3637 Deindel
936 3593 1003 3636 non
1024 3574 1177 3637 dicuntur
1201 3574 1395 3656 quotidiano

188 3662 344 3744 Exequie
362 3662 571 3724 Mortuorum
588 3680 693 3743 usque
709 3671 786 3743 post
797 3661 894 3726 Deus
907 3661 1061 3723 omnium.

228 3779 264 3849 ΙΙ
288 3773 329 3836 In
342 3774 454 3855 vigilia
490 3772 600 3849 Pasce,
626 3772 669 3835 ad
701 3771 955 3855 completorium
988 3771 1200 3855 pulsabitur¹⁰
1234 3772 1285 3835 bis
1317 3792 1392 3835 cum

188 3860 318 3924 duabus
333 3861 513 3943 campanis.

219 4130 237 4184 ’τ
252 4149 286 4183 on
297 4133 322 4182 ff.
336 4133 405 4182 k-lr
416 4133 460 4198 iiij.
475 4133 575 4183 Golden
587 4132 700 4182 Number
713 4134 731 4158 “
741 4131 817 4207 xvij.'’
829 4133 851 4180 is
863 4133 1014 4207 qeispen'rrted
1024 4133 1042 4157 “
1050 4131 1136 4196 xviij.”
1149 4134 1177 4180 in
1189 4145 1228 4196 95.

220 4196 230 4227 ¹
247 4208 272 4248 et
283 4199 360 4262 before
372 4199 452 4249 nihil:
470 4198 511 4260 87,
524 4198 564 4247 88.
600 4198 699 4248 Transl.
713 4197 740 4248 S.
756 4197 884 4256 Richardr,
897 4214 945 4246 xvi.
958 4198 1017 4261 Jun.

218 4261 231 4292 ⁹
246 4263 358 4314 dicatur:
376 4263 418 4325 87,
431 4263 473 4324 88,
484 4276 526 4325 97,
538 4277 579 4313 01.
799 4261 853 4297 ⁸—⁴
868 4279 914 4310 oni.
928 4261 968 4323 87.

219 4325 273 4364 Μ
288 4345 335 4378 om.
349 4328 390 4378 88.
799 4324 810 4356 ⁰
827 4326 851 4375 ii.
866 4346 873 4377 x
890 4339 932 4388 97,
944 4339 986 4385 01,
998 4344 1030 4375 cx
1040 4343 1130 4376 errore.

219 4392 230 4425 ⁷
246 4394 291 4444 in:
308 4396 364 4443 add
378 4393 420 4455 87,
433 4393 473 4443 88.
799 4390 810 4422 ⁸
825 4391 956 4443 dimntur:
974 4392 1014 4442 88.

218 4456 230 4488 ⁰
247 4459 373 4524 Deinceps
377 4460 424 4525 sor
433 4458 525 4509 deinde
538 4478 545 4509 :
562 4458 603 4521 87,
616 4457 657 4508 88.

221 4521 241 4554 ¹⁰
259 4527 385 4590 pulsetur:
402 4524 444 4587 87,
457 4524 496 4575 88.
534 4524 572 4575 Cr.
587 4524 646 4589 Des.
661 4524 758 4573 Direct.
773 4538 794 4572 c.
810 4521 849 4586 56,
862 4538 887 4586 p.
905 4521 941 4571 18.
