3372 5224
297 465 361 524 148·
602 464 878 516 DIRECTORIUM
894 463 1161 518 SACERDOTUM.

298 617 493 787 qunFeria
526 616 577 682 .vi.
612 616 655 681 de
689 616 786 681 seriis.
840 617 1066 699 Responsoria
1101 617 1143 682 de
1170 618 1220 682 iii.
1252 616 1342 695 feria,
1371 615 1496 679 scilieet

391 726 478 769 num.
1395 722 1402 731 ·

341 830 375 905 (Ι
395 823 557 901 Sabbato,
567 824 609 887 de
621 833 738 888 sancta
754 824 870 887 Maria
907 823 975 887 Vbi
986 821 1146 889 fiunttres
1155 823 1499 899 commemorationes,

299 914 333 975 in
349 912 398 977 .vi.
415 911 495 975 feria
510 908 568 975 fiat
583 931 649 975 vna
664 910 946 975 commemoratio

475 1036 510 1107 (Ι
532 1031 712 1095 Dominica
726 1053 764 1094 .v.
779 1039 856 1114 post
872 1031 984 1102 Pasca,
1000 1031 1043 1094 de
1058 1032 1198 1095 seruicio
1213 1030 1413 1096 dominicali.
1460 1029 1498 1093 ln

477 1118 630 1181 laudibus
645 1118 841 1202 antiphone'
855 1118 1031 1181 dicuntur.⁸

344 1242 379 1313 (Ι
402 1236 499 1301 Feria
514 1236 553 1300 ii.
569 1238 612 1302 de
628 1237 717 1301 seria.
758 1238 983 1320 Responsoria
998 1238 1041 1301 de
1056 1237 1121 1301 ilii.
1137 1237 1225 1311 seria
1241 1237 1374 1315 scilicet,
1388 1235 1502 1300 Deduc

302 1344 359 1387 mc.
406 1323 511 1387 Missa
525 1324 734 1389 dominicalis
750 1327 822 1407 pro⁴
837 1344 969 1388 summa
984 1324 1093 1389 missa

346 1448 381 1519 (Ι
403 1443 501 1506 Feria
516 1443 568 1508 iii.
583 1444 626 1508 de
641 1453 756 1507 sancta
778 1443 894 1507 Maria

346 1568 381 1639 (Ι
404 1562 501 1626 Feria
529 1563 593 1627 iiii.
620 1564 663 1626 de
693 1563 788 1627 feriis.
843 1564 1103 1648 Responsorium
1133 1562 1295 1628 Narrabo.
1350 1563 1501 1645 Respon-

305 1651 428 1713 sorium
454 1649 496 1713 ln
523 1659 594 1714 toto.
652 1650 913 1734 Responsorium
944 1650 1070 1714 Dicant
1092 1672 1182 1714 nunc.
1236 1650 1303 1714 Vbi
1328 1647 1412 1713 fiunt
1435 1658 1501 1713 tres

306 1738 650 1811 commemorationes,
673 1747 753 1800 tunc
778 1740 811 1800 in
837 1739 877 1801 ii.
905 1736 986 1800 feria
1009 1738 1177 1804 dicuntur⁸
1204 1737 1429 1820 Responsoria
1458 1735 1501 1798 de

306 1823 358 1887 ill.
375 1822 463 1896 feria,
478 1824 601 1888 scilicet
618 1824 788 1906 Hymnum
800 1848 811 1888 .·
833 1834 868 1888 et
883 1825 915 1887 in
932 1825 995 1888 iiii.
1012 1823 1094 1888 seria
1108 1824 1262 1888 dicantur
1277 1821 1502 1906 Responsoria

306 1910 420 1975 Deduc
433 1931 497 1974 mc.
508 1920 542 1974 et
558 1911 817 1995 Responsorium
833 1911 959 1974 Dicant
971 1933 1057 1974 nunc
1069 1914 1250 1976 omittatur.

349 2036 383 2106 (Ι
407 2031 504 2094 Feria
519 2052 556 2093 .v.
572 2030 644 2093 dies
661 2030 876 2094 Ascensionis
897 2030 1046 2109 Domini,
1061 2030 1181 2095 festum
1198 2030 1400 2115 principale.l
1446 2029 1502 2093 Ad

307 2116 469 2180 secundas
484 2137 647 2200 vesperas,
662 2118 822 2181 memoria
837 2117 899 2181 sub
915 2116 1047 2182 silentio
1060 2118 1103 2182 de
1119 2126 1235 2182 sancto
1250 2118 1438 2182 Dunstano.

349 2243 383 2313 (Ι
407 2237 504 2300 Feria
533 2236 581 2300 .vi.
612 2235 655 2301 de
676 2246 793 2300 sancto
823 2237 1025 2315 Dunstano,⁶
1050 2247 1085 2301 et
1116 2237 1276 2301 memoria
1305 2238 1348 2302 de
1377 2235 1504 2301 octauis

306 2334 447 2388 tantum.

303 1083 372 1151 May
388 1078 440 1152 15·]

348 2450 383 2521 (Ι
406 2444 564 2519 Sabbato,
589 2445 631 2507 de
655 2444 790 2521 octauis,
804 2453 871 2509 tres
896 2443 1060 2508 lectiones
1106 2443 1311 2527 Antiphone,
1326 2444 1456 2526 psalmi,
1470 2453 1504 2508 et

308 2530 533 2614 Responsoria
554 2531 597 2627 ¹de
622 2531 671 2594 .vi.
697 2530 784 2594 feria
841 2530 896 2596 Ad
924 2550 1079 2614 vesperas
1109 2531 1201 2594 nulla
1232 2531 1400 2607 memoria,
1430 2532 1504 2594 necl

307 2619 481 2701 processio.

310 2790 360 2843 Ma
391 2785 446 2859 22]
482 2744 516 2814 (Ι
539 2738 716 2802 Dominica
759 2737 844 2802 infra
882 2748 1019 2802 octauas
1061 2737 1284 2811 Ascensionis,
1321 2749 1429 2802 totum
1463 2737 1505 2801 de

360 2807 432 2973 lh'
484 2824 659 2901 dominica,
686 2836 720 2889 et
745 2825 905 2889 memoria
928 2826 971 2889 de
997 2826 1132 2889 octauis.
1189 2825 1226 2888 ln
1258 2824 1411 2889 laudibus
1440 2845 1506 2888 vna

308 2922 402 2993 antip
426 2929 501 2976 ona.

311 3116 327 3179 s
351 3037 384 3107 (Ι
409 3032 505 3095 Feria
529 3032 567 3095 ii.
593 3032 636 3096 de
659 3032 796 3096 octauis.
853 3030 1049 3116 Antiphone
1078 3041 1112 3095 et
1139 3031 1364 3114 Responsoria
1389 3032 1432 3095 <le
1456 3033 1505 3096 .vi.

323 3138 399 3181 erra.

312 3326 333 3386 b
353 3244 384 3312 (Ι
411 3239 507 3301 Feria
526 3238 577 3302 iii.
598 3240 641 3303 de
662 3238 811 3302 octauis.⁸
856 3237 1053 3323 Antiphone
1073 3249 1107 3302 et
1130 3238 1355 3321 Responsoria
1374 3240 1417 3302 de
1432 3239 1507 3303 sab·

334 3337 399 3388 ato.

354 3451 387 3519 (Ι
412 3445 506 3508 Feria
527 3445 588 3508 iiii.
610 3446 652 3510 de
672 3455 789 3509 sancto
810 3444 968 3509 Aldelmo
984 3494 990 3508 .
1008 3445 1168 3508 memoria
1183 3445 1225 3509 de
1240 3455 1357 3508 sancto
1371 3445 1509 3509 Vrbano

313 3544 466 3613 martyre,
480 3542 515 3596 et
530 3532 572 3595 de
587 3533 722 3596 octauis.
768 3533 824 3596 Ad
840 3552 994 3614 vesperas
1017 3533 1123 3595 sancti
1147 3532 1327 3614 Augustini
1351 3532 1510 3596 solennis⁹

314 3619 472 3682 memoria
490 3620 532 3682 de
552 3631 669 3683 sancto
685 3619 853 3683 Aldelmo.
909 3619 1107 3701 Antiphona
1126 3618 1204 3681 Lux
1215 3629 1371 3701 pcrpcitcc
1396 3620 1509 3684 maior.

312 3716 346 3767 et
378 3706 536 3768 memoria
566 3707 771 3770 solenniter¹⁰
805 3706 848 3769 de
874 3707 1009 3770 octauis
1066 3704 1122 3769 Ad
1153 3705 1290 3769 missam
1326 3707 1509 3771 secundum

349 4050 354 4079 ¹
375 4049 488 4115 Epistola
498 4058 523 4100 et
534 4050 689 4115 euangelium
700 4048 812 4100 eiusdem
822 4048 882 4100 serie
893 4067 900 4100 ε
917 4050 973 4100 add.
987 4059 1028 4112 97,
1040 4062 1081 4099 01.

347 4115 358 4210 Ξ
373 4114 521 4245 {pomario
531 4115 624 4241 ⁷1³0&
641 4113 682 4177 87,
695 4113 735 4175 88,
747 4125 789 4178 97,
801 4127 842 4164 01.
1190 4112 1202 4144 ⁸
1217 4113 1347 4166 dicantur:
1364 4112 1404 4165 88.

348 4244 359 4271 a
429 4244 435 4256 ·
456 4244 462 4256 ·
714 4245 720 4256 ·
780 4263 787 4277 .

348 4245 1044 4387 ⁶{illlifflllslllil‘lii'‹lll'yl⁷tllma
1188 4308 1200 4342 a
1216 4309 1263 4360 nisi
1266 4309 1314 4385 seq
1324 4325 1388 4361 nec:
1405 4308 1446 4372 87.
1459 4308 1499 4360 aa.

349 4375 360 4407 ⁸
375 4377 543 4427 Ascensroms
1186 4371 1198 4405 ⁹
1212 4376 1339 4426 solennis:
1355 4392 1403 4425 cm.
1417 4373 1457 4437 87,
1471 4374 1511 4425 8&

316 4439 666 4556 ὤξοοὲἓειιὶεαῃῑίρὴοηα
674 4441 835 4507 Priusquam.
866 4439 1046 4491 Feriavtotum
1055 4438 1087 4490 de
1095 4440 1340 4506 sanctoAugustino,
1348 4440 1515 4492 etmemoriar

365 4543 372 4557 .
403 4517 427 4569 7,
472 4543 479 4556 .
