3330 5218
289 430 322 494 84
628 430 903 481 DIRECTORIUM
919 429 1188 482 SACERDOTUM.

332 591 367 660 11
390 584 488 649 Feria
502 584 566 648 iiii.
589 583 632 649 de
657 591 775 647 sancto
801 582 981 649 Gordiano.
1029 576 1263 649 Inuitatorium
1289 583 1427 668 duplex,
1441 583 1493 648 ,iii

290 671 457 736 lectiones.
504 670 696 755 Capitulum
712 670 839 734 Reddet
851 670 950 734 Deus.

332 798 367 867 11
390 791 487 856 Feria
515 815 553 856 .v.
583 792 626 855 de
655 790 751 855 seriis.
820 791 1045 875 Responsoria
1081 791 1124 855 de
1153 791 1218 856 iiii.
1249 790 1338 867 seria,
1366 791 1493 857 scilicet

300 878 381 943 Vidi
388 888 525 961 partam.
570 879 675 942 Missa
689 878 752 941 iiii.
768 877 855 942 serie.

333 1007 368 1076 11
391 999 488 1065 Feria
502 999 550 1063 .vi
574 997 616 1062 de
640 999 839 1081 martyribus
863 999 974 1063 Nereo
995 1006 1030 1063 et
1053 998 1214 1063 Achilleo.
1261 999 1493 1064 inuitatorium

290 1087 427 1171 duplex.
472 1085 665 1170 Capitulum
682 1085 984 1168 Sanctiperfidrm.

291 1246 298 1263 ·
332 1215 367 1284 11
390 1206 548 1282 Sabbato,
579 1206 622 1269 de
652 1214 768 1269 sancta
793 1205 909 1282 Maria,
925 1214 960 1270 et
983 1206 1151 1289 processio
1177 1205 1235 1270 fiat
1261 1207 1304 1270 ad
1328 1226 1493 1289 vesperas.

289 1293 356 1358 Vbi
379 1293 463 1358 fiunt
484 1303 551 1357 tres
573 1293 915 1369 commemorationes,
930 1293 963 1355 in
979 1295 1029 1356 .v.¹
1045 1292 1124 1356 seria
1140 1293 1198 1357 hat
1211 1312 1278 1356 vna
1292 1313 1493 1357 commemo·

292 1382 376 1446 ratio
391 1403 398 1459 ;
421 1391 456 1446 et
471 1382 564 1445 tunc⁹
581 1380 613 1443 in
630 1380 670 1442 ii.
686 1380 767 1443 seria
783 1380 973 1462 precedenti
995 1390 1173 1444 cantentur
1196 1381 1421 1464 Responsoria
1437 1381 1493 1445 ³de

291 1468 353 1532 iiii.
370 1469 459 1544 feria,
481 1467 562 1532 Vidi
565 1469 720 1548 partam.⁴

379 1635 432 1708 u
467 1588 710 1757 thaha
730 1586 1046 1757 enema
1059 1586 1493 1738 irascereris

292 1760 444 1825 laudibus
460 1780 526 1824 vna
541 1761 733 1844 antiphona.

333 1886 368 1957 11
391 1880 489 1944 Feria
515 1881 553 1944 .ii.
582 1881 625 1944 de
653 1879 741 1944 seria.
788 1880 1050 1962 Responsorium
1077 1881 1233 1945 Narrabo
1262 1901 1338 1945 eum
1364 1881 1495 1945 duobus

290 1969 516 2050 sequentibus,
533 1968 633 2031 missa
649 1967 865 2030 dominicalis.

333 2088 487 2238 [Iberia
497 2088 548 2151 iii.
558 2089 601 2152 de
613 2087 701 2152 seria
748 2088 974 2171 Responsoria
988 2087 1158 2152 decadem
1175 2087 1263 2165 seria,
1276 2089 1377 2153 missa
1394 2089 1497 2154 Salus

283 2185 368 2258 popu
382 2196 402 2239 r.

332 2303 367 2372 11
391 2295 488 2359 Feria
513 2295 576 2360 iiii.
604 2296 647 2359 de
671 2293 759 2359 seria.
815 2296 1041 2379 Responsoria
1061 2296 1105 2360 de
1127 2296 1246 2360 eadem
1270 2296 1349 2360 seria
1371 2296 1496 2361 scilicet

290 2383 403 2446 Deduc
416 2403 474 2459 mr,
491 2383 592 2446 missa
607 2383 650 2446 de
664 2383 781 2446 eadem
799 2382 888 2447 seria.

332 2510 367 2579 11
391 2503 488 2567 Feria
503 2524 540 2567 .v.
556 2502 599 2566 de
615 2501 701 2567 sesto
717 2499 790 2566 loci.

311 2630 366 2726 ,11
391 2623 550 2687 Feria'.vi.
567 2624 609 2686 de
624 2632 743 2687 sancto
759 2622 946 2701 Dunstan0,
958 2632 993 2689 et
1009 2623 1169 2688 memoria
1183 2624 1226 2690 de
1240 2632 1358 2689 sancta
1375 2623 1495 2688 Potenss

290 2731 392 2775 crana.

332 2837 366 2907 11
390 2829 549 2906 Sabbato,
565 2829 609 2893 de
632 2838 750 2894 sancta
775 2829 891 2908 Maria,
918 2839 952 2894 et
979 2830 1146 2913 processio
1170 2831 1212 2894 ad
1237 2850 1400 2913 vesperas.
1426 2829 1494 2892 Vbi

290 2916 374 2981 fiunt
389 2927 457 2981 tres
472 2917 815 2993 commemorationes,
833 2918 865 2980 in
882 2917 933 2980 iii.
949 2915 1030 2980 seria
1047 2916 1105 2982 fiat
1120 2938 1186 2981 vna
1201 2917 1495 2994 commemoratio;

289 3015 323 3069 et
346 3014 425 3069 tunc
450 3005 483 3068 in
507 3003 568 3067 iiii.
596 3004 676 3067 feria
700 3004 855 3067 dicuntur
882 3004 1108 3087 Responsoria
1133 3004 1176 3068 de
1191 3006 1241 3068 ‚iii
1265 3005 1353 3081 seria,
1370 3004 1494 3068 scilicet

289 3091 471 3173 Hymnum,
488 3111 564 3155 cum
580 3090 711 3155 duobus
727 3092 951 3174 sequentibus.

464 3218 499 3287 11
522 3212 701 3276 Dominica
724 3234 761 3275 .ν.
784 3220 893 3276 totum
917 3210 960 3274 de
982 3211 1123 3275 seruicio
1138 3211 1338 3285 dominicali,
1355 3211 1492 3274 tercium

467 3299 727 3382 Responsorium
744 3319 764 3361 a
779 3299 910 3362 duobus
932 3308 1091 3363 cantetur.
1140 3300 1175 3362 In
1201 3299 1353 3361 laudibus
1376 3318 1493 3361 omues

289 3383 472 3467 antiphone
502 3385 662 3449 dicantur.
725 3387 763 3449 In
794 3386 1005 3469 processione
1034 3394 1113 3449 ante
1143 3387 1278 3449 missam
1309 3385 1493 3468 antiphona

291 3470 389 3535 Sedit
415 3473 557 3555 angelus,
596 3473 634 3535 In
660 3473 796 3537 introitu
821 3472 911 3536 chori
945 3471 1099 3537 Christus
1128 3492 1306 3554 resurgens,
1329 3491 1405 3536 cum
1428 3491 1490 3535 suo

289 3557 458 3622 versiculo.

291 3263 361 3331 May
374 3258 429 3332 ab]

332 3683 366 3753 11
390 3678 486 3742 Feria
501 3679 541 3742 ii.
557 3679 794 3760 Rogationum,
810 3681 854 3743 de
875 3678 964 3756 seria,
987 3698 1063 3743 cum
1086 3679 1298 3763 expositione
1319 3678 1492 3761 euangelii.

293 3764 518 3848 Responsoria
540 3765 639 3829 deii.
656 3766 744 3843 seria,
761 3765 885 3830 scilicet
901 3765 1065 3843 Narrabo,
1081 3786 1156 3830 cum
1179 3768 1310 3831 duobus
1325 3765 1493 3847 sequenti·

290 3850 361 3914 bus.
408 3852 512 3916 Missa
535 3853 742 3917 dominicalis
768 3854 830 3917 erit
855 3872 986 3917 summa
1013 3853 1121 3917 missa.
1172 3853 1278 3917 Missa
1303 3853 1346 3916 de
1370 3853 1491 3916 ieiunio

290 3937 418 4002 dicatur
432 3939 466 4002 in
482 3940 699 4022 processione.

323 4273 332 4305 1
366 4274 372 4286 ·
394 4292 401 4307 .

322 4292 381 4376 ⁹1¹⁴·
392 4273 463 4389 in8ii7i’.
473 4273 537 4390 {egria
553 4340 696 4405 precedenti
707 4349 837 4390 cantentur
849 4340 1015 4406 Responsoria
1031 4341 1063 4391 de
1080 4340 1105 4391 ii.
1127 4340 1188 4391 seria
1204 4341 1299 4392 scilicet
1311 4342 1415 4405 Dignus
1424 4358 1448 4391 cs
1465 4349 1490 4391 et

292 4405 459 4481 Responsoria
469 4406 501 4455 de
511 4405 546 4455 iii.
559 4405 620 4455 feria
631 4415 655 4455 et
667 4405 698 4455 de
710 4405 754 4481 iiii.
760 4406 866 4521 (penitus
876 4405 1023 4456 omittantur
1034 4422 1080 4471 pro
1090 4406 1138 4483 isto
1148 4423 1215 4456 anno
1226 4425 1232 4457 :
1250 4406 1291 4469 87,
1304 4405 1343 4456 88.

322 4468 375 4507 ³-⁴
391 4470 423 4521 de
434 4487 459 4520 u.
474 4471 533 4520 serra
545 4479 570 4520 et
582 4471 749 4533 Responsoria
778 4480 876 4521 eterna
887 4480 912 4521 et
922 4480 1010 4537 quarta
1021 4482 1233 4537 pretermittantur
1244 4491 1251 4523 ι
1263 4484 1304 4534 97,
1316 4485 1356 4522 01.
