3316 5220
494 468 519 516 Τ
514 467 607 517 ERCI
609 467 669 518 ott!
682 469 716 516 D.
751 469 828 518 miii.
842 484 885 518 xv.
898 470 947 518 xii.
961 469 1009 518 vir‘.
1023 470 1074 518 iiii.
1340 484 1374 531 29

221 626 256 697 (Ι
279 620 377 685 Feria
406 620 468 696 iii,
497 621 541 684 de
571 629 688 685 sancto
725 620 890 685 Thoma¹:
929 621 1050 687 festum
1090 624 1200 688 minus
1239 623 1390 707 duplex:

180 709 342 772 memoria
357 708 399 772 de
414 708 565 773 octauis.²

221 834 256 904 (Ι
279 828 377 892 Feria
406 828 471 892 iiii.
502 828 546 894 de
579 827 708 892 octauis
739 827 972 893 visitationis:
1010 838 1078 894 tres
1113 829 1282 897 lectiones.
1329 830 1387 896 Ad

179 935 346 999 vesperas,
375 914 438 979 hec
467 914 540 979 sola
569 915 756 998 antiphona
785 934 886 999 super
922 915 1080 998 psalmos,
1108 917 1232 981 Etcum
1253 919 1390 1000 patris:

178 1002 328 1085 psalmus
342 1002 445 1066 Dirit
456 1001 631 1079 Dominus,
646 1010 680 1066 et
702 1002 802 1065 ceteri
825 1002 947 1085 psalmi
969 1004 1013 1067 de
1035 1016 1153 1069 sancta
1169 1005 1286 1081 Maria,
1302 1005 1389 1069 sicut

177 1090 221 1153 ad
237 1091 362 1172 primas
373 1108 537 1172 vesperas.

222 1208 259 1292 [n
289 1207 367 1291 .vii]
410 1213 444 1283 (Ι
468 1208 565 1272 Feria
595 1231 633 1273 .v.
664 1209 707 1272 de
736 1217 857 1273 octaua
886 1209 1120 1274 Visitationis:
1150 1211 1196 1274 ix.
1219 1210 1389 1275 lectiones.

178 1294 319 1361 ³Omnia
333 1298 421 1360 sicut
436 1296 470 1358 in
486 1296 594 1377 prima
617 1295 680 1373 die,
703 1305 814 1378 preter
836 1296 997 1360 lectiones
1012 1306 1046 1360 et
1063 1297 1326 1382 Responsorium
1342 1297 1386 1361 ad

181 1383 346 1447 secundas
360 1402 526 1465 vesperas.
572 1383 629 1447 Ad
645 1383 809 1447 secundas
825 1403 990 1466 vesperas,
1006 1384 1153 1448 solennis
1169 1385 1330 1449 memoria
1346 1383 1392 1447 de

179 1471 404 1552 martyribus⁴

220 1596 256 1667 (Ι
278 1590 376 1654 Feria
392 1589 445 1654 .vi.
461 1590 504 1652 de
520 1587 608 1653 festo
624 1588 697 1666 loci,
713 1598 748 1653 et
764 1590 926 1653 memoria
941 1590 984 1655 de
1000 1591 1224 1674 martyribus,⁴

220 1717 254 1787 (Ι
278 1708 439 1785 Sabbato,
454 1711 497 1774 de
511 1718 629 1774 sancta
646 1710 773 1774 Maria:
795 1719 830 1774 et
846 1710 1009 1774 memoria
1018 1711 1061 1774 de
1072 1721 1191 1775 sancto
1203 1710 1390 1774 Benedicto

177 1807 319 1862 tanturn
365 1796 422 1860 Ad
453 1817 609 1880 vesperas
638 1797 682 1860 de
708 1796 866 1879 reliquiis,
896 1799 1058 1862 memoria
1087 1798 1151 1862 sub
1180 1798 1315 1862 silentio
1345 1797 1387 1860 de

178 1885 356 1961 dominica,
372 1893 407 1947 et
422 1885 466 1948 de
481 1884 654 1947 Trinitate.

179 2055 232 2124 n
248 2052 302 2125 ιι]
355 2002 1308 2174 tham-nrmmannahun
1323 2025 1389 2155 n

179 2176 286 2241 forma
300 2176 443 2258 (Presta,
457 2198 639 2260 quesumus,
654 2177 851 2259 omnipotens
869 2141 969 2256 Deus,
990 2188 1029 2242 vt
1048 2187 1232 2242 sanctorum
1248 2188 1391 2255 luorum,

178 2285 316 2346 quorum
332 2264 466 2347 reliquie
480 2275 514 2329 et
529 2266 665 2348 cetera).

219 2390 255 2461 (Ι
278 2384 375 2448 Feria
403 2385 445 2448 ‚ii.
473 2384 518 2449 de
547 2383 646 2447 feria:
683 2391 717 2447 et
746 2384 867 2448 dicitur
902 2383 1086 2449 secundum
1122 2385 1386 2469 Responsorium

178 2471 301 2536 feriale.
347 2471 454 2535 Missa
469 2471 686 2535 dominicalis

219 2597 255 2668 (Ι
278 2591 377 2655 Feria
391 2591 444 2655 ,iii
459 2590 503 2654 de
518 2590 605 2655 festo
619 2589 692 2654 loci

219 2717 255 2788 (Ι
278 2710 307 2774 F
308 2712 377 2774 etia
391 2711 466 2788 .iiii.‚
480 2711 524 2774 de
538 2720 657 2775 sancto
672 2709 868 2775 Swithuno:
893 2712 939 2775 ix.
955 2711 1116 2776 lectiones
1131 2712 1175 2776 de
1191 2714 1370 2776 communi.

220 2836 256 2907 (Ι
279 2830 378 2931 Feria
402 2852 452 2908 .v.,
477 2831 520 2895 de
550 2840 667 2895 sancto
690 2829 887 2895 Osmundo:
925 2830 971 2894 ix.
1001 2830 1179 2896 lectiones:
1211 2841 1320 2896 totum
1346 2834 1392 2897 de

179 2938 360 2983 commum.

178 3044 261 3189 (¹11¹
279 3036 378 3101 Feria
393 3036 445 3101 .vi.
461 3037 504 3100 de
519 3047 638 3100 sancto
662 3034 847 3100 Kenelmo:
869 3044 936 3100 tres
961 3036 1132 3116 lectiones,
1153 3037 1388 3102 Inuitatorium

203 3146 249 3209 up
262 3146 317 3189 ex.

222 3252 258 3323 (Ι
278 3244 443 3321 sabbato,
468 3244 511 3309 de
536 3251 653 3307 sancta
681 3243 800 3320 Maria,
816 3253 850 3307 et
878 3245 1039 3308 memoria
1054 3246 1097 3309 de
1113 3248 1282 3327 martyre,⁵
1296 3255 1331 3309 et
1346 3246 1392 3310 de

182 3332 337 3416 reliquiis.
381 3330 450 3395 Vbi
465 3330 550 3394 fiunt
573 3340 640 3394 tres
664 3331 1012 3409 commemorationes
1034 3332 1068 3397 in
1091 3332 1131 3396 .ii.
1154 3331 1234 3396 seria
1250 3331 1308 3396 fiat
1322 3353 1392 3398 vna

181 3417 480 3484 commemoratiof’
514 3416 571 3480 Ad
587 3436 754 3500 vesperas,
763 3416 949 3501 antiphone
959 3418 1093 3482 Montes
1106 3418 1226 3493 Gelboe,
1239 3419 1388 3503 psalmus

181 3505 403 3590 Magmficat:
426 3505 588 3567 memoria
603 3504 646 3567 de
662 3505 819 3587 reliquiiS,
833 3507 881 3568 et⁷
897 3506 940 3569 de
956 3505 1142 3571 Trinitate:
1165 3516 1200 3570 et
1222 3508 1392 3589 processio

180 3592 246 3659 fiat

357 3718 392 3788 (Ι
414 3711 594 3776 Dominica
616 3712 677 3775 .vii.
700 3721 776 3795 post
799 3711 1010 3790 Trinitatem,
1028 3713 1071 3777 de
1091 3713 1232 3777 semicio
1247 3714 1389 3777 domini-

181 3765 234 3836 Μ
250 3760 304 3833 ¹9⁶]
357 3798 430 3863 cali.
476 3798 516 3862 ln
533 3798 687 3863 laudibus
702 3819 769 3863 vna
784 3799 979 3882 antiphona.

224 3926 258 3996 (Ι
280 3919 379 3984 Feria
394 3921 435 3985 .ii.
450 3921 493 3984 de
508 3928 625 3984 sancta
640 3920 852 4003 Margareta:
876 3919 920 3982 ix.
937 3919 1105 3984 lectiones.

215 4128 224 4161 1
794 4128 807 4159 u

216 4130 436 4245 ‘qchlhem
339 4213 456 4274 vesperas
466 4197 514 4246 hec
524 4198 578 4247 sola
588 4196 727 4262 antiphona
744 4129 1047 4260 Etnnyffiaenpmsalmi
1058 4204 1084 4245 et
1094 4203 1177 4244 cetera
1193 4194 1257 4244 sicut
1267 4193 1293 4242 in
1305 4191 1394 4258 primis

183 4261 366 4327 vesperisiesti.
395 4262 438 4312 nd
448 4261 571 4312 secundas
581 4277 706 4326 vesperas,
714 4259 1141 4376 solentp'nsrpepnoripdeupffip,
1082 4259 1141 4321 loci,
1150 4259 1214 4309 etde
1225 4258 1391 4322 martyribus

182 4338 277 4421 ⁹⁷⁸
241 4391 269 4443 S
282 4391 362 4441 Amul
363 4393 422 4457 pho
857 4342 925 4390 pem
960 4342 987 4375 m

211 4454 281 4572 hep
276 4457 351 4508 missa
360 4409 519 4572 §owenus
529 4456 637 4507 dicitur'
631 4473 656 4506 m
667 4455 785 4521 oapitulo,
798 4455 893 4504 seria
869 4473 922 4505 x·.:1
940 4456 997 4505 add.
1010 4466 1052 4518 97,
1064 4469 1105 4506 01.

211 4521 280 4573 e·
297 4539 346 4573 om.
377 4534 401 4584 7,
