3330 5218
477 415 668 478 QUARTUM
686 417 719 465 A.
753 415 819 464 xvii.
838 415 910 464 xiiii.
928 416 966 465 xi.
985 417 1021 466 vi.
1040 418 1082 467 iii.
1359 421 1389 473 81

227 578 262 649 ([
285 571 383 635 Feria
404 570 468 633 ,iiii
493 569 524 632 in
551 569 661 651 capite
686 567 806 641 ieiunii,
833 577 942 632 totum
966 570 1009 633 de
1033 569 1121 635 seria
1169 572 1224 636 Ab
1251 573 1313 638 hac
1336 576 1391 639 die

100 656 108 673 '
185 679 289 743 vsque
311 659 354 722 ad
378 668 533 721 octauam
557 656 660 720 Pasce
684 653 764 718 nihil
791 653 850 719 fiat
875 658 918 718 de
940 655 1037 720 sesto¹
1053 658 1104 722 ‚iii
1121 658 1301 725 lectionum
1329 664 1391 726 nisi

184 757 315 810 tantum
332 745 491 809 memoria
505 744 548 807 ad
564 763 719 825 vesperas
735 745 782 806 et²
797 743 977 806 matutinas
993 744 1091 809 beate
1107 746 1223 812 Marie.

227 874 262 945 ([
285 867 383 930 Feria
397 888 435 929 .v.
450 865 494 927 de
509 875 626 927 sancto
643 862 765 937 Dauid,
781 862 826 926 ix.
842 861 1022 928 lectiones„³

228 993 262 1063 ΕΙ
287 986 384 1050 Feria
398 986 448 1049 .vi.
463 985 507 1048 de
522 994 641 1047 sancto
657 983 782 1058 Cedda,
798 983 844 1046 ix
860 982 1042 1048 lectiones.⁴

228 1112 263 1183 {1
285 1105 436 1172 Sabbato
472 1104 602 1167 dicatur
639 1104 782 1186 primum
822 1102 1083 1187 Responsorium
1131 1107 1274 1185 historie,
1311 1130 1389 1175 cum

186 1195 317 1258 duobus
335 1191 568 1275 Responsoriis
585 1189 761 1256 ferialibus.

188 1318 288 1373 March
303 1314 340 1387 5.]
374 1319 409 1388 (Ι
432 1312 611 1376 Dominica
625 1312 654 1375 i.
670 1311 932 1394 quadragesime,
950 1322 1021 1377 tota
1037 1314 1156 1377 dicitur
1171 1315 1316 1381 historia.

227 1562 262 1631 (Ι
285 1553 466 1619 Dominica
480 1552 520 1615 ii.
535 1550 796 1634 quadragesime,
813 1562 886 1615 tota
900 1553 1020 1617 dicitur
1034 1554 1179 1619 historia.

227 1683 262 1752 (Ι
286 1676 424 1738 Festum
439 1672 545 1737 sancti
573 1670 722 1756 Gregorii
748 1671 920 1735 differatur
943 1673 976 1736 in
1002 1676 1190 1739 crastinum.
1235 1678 1293 1741 Ad
1317 1700 1390 1743 ves·

186 1784 283 1847 peras
298 1761 405 1825 sancti
421 1759 572 1842 Gregorii
587 1758 647 1823 fiat
661 1758 807 1822 solennis
823 1760 983 1824 memoria
997 1761 1040 1824 de
1054 1763 1229 1828 dominica

228 1890 263 1961 ([
287 1883 383 1946 Feria
405 1881 446 1945 ‚ii
468 1880 511 1944 de
532 1889 651 1944 sancto
673 1879 842 1962 Gregorio,
857 1880 993 1945 inferius
1014 1882 1151 1966 duplex.
1197 1885 1389 1969 Capitulum

187 1971 266 2035 Ecce
280 1969 433 2045 sacerdos,
450 1969 494 2031 ix.
510 1966 677 2043 lectiones,
694 1967 764 2029 sine
779 1968 999 2050 expositione.

218 2105 269 2250 ‘Is
286 2097 383 2199 lieria
397 2118 436 2160 .v.
452 2095 572 2159 dicitur
594 2095 737 2177 primum
762 2095 1024 2178 Responsorium
1048 2097 1168 2175 feriale,
1185 2110 1219 2164 et
1241 2100 1331 2164 aliud
1356 2102 1389 2165 in

186 2208 236 2251 .vr.
265 2205 341 2249 erra

229 2314 264 2383 (Ι
287 2304 446 2381 Sabbato,
469 2302 513 2366 de
543 2312 660 2367 sancto
687 2302 863 2379 Eduardo,
890 2304 945 2367 ix.
972 2304 1138 2370 lectiones.
1196 2307 1389 2391 Capitulum

187 2396 310 2459 Beatus
323 2392 380 2455 vt'r
392 2391 452 2473 qui
464 2390 500 2454 in
514 2389 682 2472 sapientia
727 2391 989 2474 Responsorium
999 2392 1111 2469 Pater,
1120 2396 1255 2476 peccaui
1266 2407 1391 2479 preter-

188 2483 340 2545 mittatur
354 2480 419 2542 isto
434 2498 532 2541 anno.
587 2477 644 2540 Ad
662 2497 817 2561 vesperas
833 2478 876 2541 de
890 2479 1066 2555 dominica,
1083 2480 1142 2545 fiat
1164 2485 1325 2547 memoria
1347 2486 1391 2548 de

188 2577 305 2631 sancto
321 2563 498 2631 Edwardo.

388 2700 423 2771 π
445 2692 624 2756 Dominica
646 2692 697 2757 iii.
713 2694 975 2776 quadragesime,
993 2693 1123 2779 [eviii]
1146 2706 1218 2761 tota
1239 2708 1391 2764 cantetur

388 2780 534 2844 historia.
590 2778 648 2843 Ad
670 2781 795 2863 primas
818 2800 973 2864 vesperas
998 2783 1104 2846 sancti
1129 2784 1315 2863 Cuthberti,
1331 2786 1391 2853 liat

190 2867 349 2932 memoria
363 2869 407 2932 de
421 2867 597 2931 dominica

190 2747 290 2801 Mareu
307 2742 360 2815 ιᾳ]

229 3003 264 3072 {1
287 2996 385 3060 Feria
397 2995 438 3059 ii
455 2995 498 3059 de
512 3003 629 3058 sancto
646 2994 840 3071 Cuthberto,
856 2995 910 3059 ix.
926 2995 1094 3062 lectiones.

231 3130 266 3201 ([
289 3124 386 3187 Feria
411 3123 463 3188 iii.
487 3124 530 3186 de
556 3133 672 3188 sancto
700 3123 890 3198 Benedicto,
915 3124 970 3188 ‚ix
986 3125 1153 3192 lectiones
1201 3130 1240 3192 In
1256 3151 1294 3193 .v.
1310 3112 1391 3194 leria

188 3210 309 3275 dicitur
334 3212 479 3294 primum
505 3211 766 3294 Responsorium
793 3208 912 3288 feriale,
939 3221 974 3276 et
997 3213 1031 3275 in
1057 3213 1107 3278 .vi.
1130 3214 1211 3279 feria
1237 3215 1392 3281 dicuntur

187 3300 256 3363 duo
272 3298 496 3382 Responsoria
511 3297 645 3361 ferialia

230 3433 264 3503 11
288 3427 446 3504 Sabbato,
477 3427 597 3490 festum
627 3425 907 3490 Annunciationis
937 3428 1034 3493 beate
1065 3429 1179 3494 Marie.
1224 3422 1392 3496 Secunde⁸

188 3534 323 3597 vespere
348 3524 446 3578 erunt
471 3513 515 3577 de
539 3514 631 3588 sesto,
646 3523 681 3577 et
706 3513 879 3577 memoria⁰
902 3514 945 3578 de
969 3515 1146 3583 dominica.
1194 3517 1308 3581 Gloria
1329 3519 1395 3582 tibi

188 3600 330 3664 Domine
342 3603 402 3683 qui
422 3610 521 3664 natus
540 3621 574 3663 es
594 3601 635 3663 de
655 3601 785 3682 virgine
806 3601 926 3665 dicitur
945 3602 978 3665 in
1001 3612 1142 3685 vtroque
1165 3604 1391 3687 completorio,

188 3697 223 3751 et
238 3688 281 3751 ad
297 3697 474 3770 utrumque
489 3686 742 3771 completorium
769 3687 955 3771 pulsabitur
968 3709 1044 3753 cum
1066 3690 1197 3754 duabus
1219 3693 1391 3776 campanis

189 3776 372 3839 secundum
388 3774 538 3838 ordinale
555 3774 698 3840 Sarum!

223 4071 232 4102 ¹
249 4072 334 4123 sestis:
351 4072 392 4134 87,
405 4072 446 4123 88.
871 4074 883 4106 ²
898 4075 985 4127 etad:
1002 4074 1043 4137 87,
1056 4074 1096 4127 88.

221 4136 338 4188 ’Oratio
348 4148 374 4188 et
384 4148 467 4188 cetera
477 4138 509 4189 de
520 4139 662 4191 communit
679 4141 735 4192 add.
749 4151 790 4202 97,
802 4154 843 4190 01.

221 4202 303 4253 ‘tue
325 4204 414 4254 Sarum
436 4204 553 4270 Breviary
574 4222 643 4255 more
669 4208 790 4271 correctly
816 4205 1031 4267 (dxxxi-dxxxiv),
1054 4206 1171 4257 transfers
1198 4208 1235 4259 St.
1260 4209 1344 4259 David
1365 4218 1392 4260 to

190 4268 290 4346 Friduy,
303 4269 392 4318 March
403 4269 466 4333 3rd3
483 4270 535 4320 and
551 4270 588 4321 St.
603 4270 675 4321 crud
692 4271 843 4321 remainson
862 4272 901 4321 his
917 4287 975 4320 own
991 4271 1049 4336 day,
1064 4273 1152 4322 March
1161 4272 1219 4323 znd.
1255 4273 1294 4324 Ci.
1317 4276 1393 4325 Crede

189 4333 359 4462 Midii’bgffi
369 4332 495 4451 {effluet
513 4400 555 4461 87,
568 4399 608 4450 88.
857 4399 868 4431 ⁸
883 4400 1011 4452 solennis:
1028 4403 1084 4452 adet
1098 4412 1140 4465 97,
1152 4416 1193 4453 01.

222 4462 232 4495 ⁷
249 4463 287 4513 Cf.
305 4466 429 4515 CredeM.
443 4467 547 4531 mu
561 4466 602 4527 4⁸·

278 4545 361 4594 Pica
383 4543 521 4596 SARUM.
1238 4549 1262 4598 G
