3330 5218
294 433 327 483 80
631 434 907 487 DIRECTORIUM
923 436 968 486 SA
973 436 1128 486 CERDOT
1128 438 1190 489 ΗΜ.

292 587 635 663 commemorationes,
665 587 698 650 in
729 588 780 651 iii.
811 587 893 651 feria
922 586 980 651 fiat
1004 609 1069 652 vna
1093 593 1374 668 commemoratio,
1401 594 1494 658 etin

293 674 460 739 dominica
477 674 597 736 dicitur
613 674 714 737 missa
729 674 772 738 de
788 675 851 738 iiii.
868 675 1033 739 dominica
1049 677 1081 739 in
1098 677 1253 760 capitulo,

295 799 363 853 Feb.
380 794 432 867 η]
467 799 502 870 (Ι
525 795 704 857 Dominica
720 793 752 857 in
769 794 851 858 lxx.
867 804 941 859 tota
956 795 1076 859 dicitur
1091 797 1235 862 historia.

336 920 371 990 (Ι
394 913 490 977 Feria
504 914 544 977 ‚it
560 915 603 977 de
619 914 704 978 sesto
719 913 791 978 loci.

335 1040 369 1111 (Ι
393 1035 490 1097 Feria
504 1034 555 1097 iii.
579 1034 622 1098 de
648 1044 765 1099 sancto
787 1034 976 1099 Valentino.
1024 1036 1256 1101 Inuitatorium
1280 1040 1434 1122 simplex,
1451 1042 1492 1103 iii.

291 1123 450 1186 lectiones
465 1141 541 1185 cum
558 1132 731 1185 nocturno,
776 1121 971 1206 Capitulum
986 1122 1054 1186 Iste
1066 1131 1205 1188 sanctus.

292 1329 314 1393 d
334 1242 489 1391 Ueris}
501 1243 563 1306 iiii.
575 1245 618 1306 de
634 1242 722 1307 feria
761 1243 986 1325 Responsoria
1000 1244 1043 1306 de
1059 1245 1165 1326 primo
1181 1256 1343 1309 nocturno
1358 1248 1495 1311 historie

316 1349 461 1393 ommrca
474 1350 509 1392 rs.

333 1454 367 1525 (Ι
391 1449 488 1512 Feria
509 1471 547 1512 .v.
568 1450 610 1512 de
629 1459 746 1513 sancta
775 1450 905 1513 Iuliana
927 1450 1063 1534 virgine,
1082 1451 1316 1515 Inuitatorium
1340 1453 1495 1537 simplex,

292 1557 369 1600 curn
386 1545 557 1600 nocturno.

333 1663 368 1733 (Ι
391 1657 487 1721 Feria
516 1659 565 1721 .vi.
597 1657 639 1721 de
670 1656 771 1733 leria‚¹
802 1666 836 1720 et
866 1657 935 1720 duo
964 1656 1090 1722 ferialia
1117 1660 1342 1742 Responsoria
1373 1660 1496 1743 pariter

291 1754 476 1808 cantentur.
1152 1754 1157 1761 ·

332 1870 367 1940 (Ι
391 1863 550 1942 Sabbata
581 1865 623 1928 de
653 1874 770 1928 sancta
808 1865 949 1928 Maria*
984 1865 1051 1929 Vbi
1083 1864 1167 1930 fiunt
1197 1877 1263 1931 tres
1293 1888 1495 1933 commemo-

291 1953 445 2028 rationes,
462 1951 495 2015 in
511 1951 575 2015 iiii.
591 1950 673 2016 feria
689 1949 759 2016 fiet'
774 1972 841 2015 vna
856 1953 1138 2017 commemoratio,

291 2081 360 2135 Feb.
377 2075 430 2148 19.]
466 2078 500 2149 (Ι
523 2072 701 2135 Dominica
717 2073 749 2134 in
765 2072 830 2148 .lx.‚
845 2081 919 2136 tota
934 2081 1086 2136 cantetur
1101 2073 1244 2137 historia

332 2203 368 2273 (Ι
391 2195 488 2259 Feria
503 2192 543 2256 ii.
558 2191 602 2255 de
618 2191 715 2255 feriis.
761 2192 866 2254 Missa
883 2191 986 2256 Salus
992 2193 1114 2275 populi.

332 2323 368 2393 (Ι
392 2315 488 2380 Feria
503 2313 553 2377 iii.
569 2314 612 2376 de
627 2311 712 2376 festo
727 2311 800 2376 loci.

331 2563 366 2633 (Ι
390 2555 487 2620 Feria
502 2575 538 2617 .v.
555 2555 598 2617 de
620 2551 717 2631 seriis,
740 2555 842 2618 missa
863 2554 919 2618 ³de
943 2554 1116 2618 dominica
1164 2553 1316 2636 Epistola
1336 2565 1371 2619 et
1392 2575 1495 2620 euan-

288 2643 427 2728 gelium⁴
442 2642 504 2731 iiiii.
520 2640 607 2704 serie.

332 2769 366 2840 (Ι
389 2762 533 2828 Sanctus
551 2761 697 2826 Mathias
711 2760 883 2843 apostolus
899 2781 965 2825 non
981 2760 1083 2825 habet
1094 2760 1250 2844 vigiliam,
1262 2762 1324 2825 nisi
1334 2761 1491 2826 ieiunium

289 2859 431 2924 tantum,
448 2850 480 2912 in
495 2848 634 2911 ecclesia
649 2848 778 2914 Sarum.

332 2976 366 3047 (Ι
389 2969 484 3032 Feria
499 2970 548 3031 .vi.
564 2969 606 3031 de
623 2979 740 3032 sancto
756 2967 893 3041 Mathia,
911 2967 1044 3031 inferius
1066 2968 1203 3052 duplex.
1247 2969 1306 3033 Ad
1329 2971 1492 3035 secundas

289 3076 453 3139 vesperas,
469 3055 654 3138 antiphona
671 3054 741 3118 Sub
756 3064 856 3131 tuam,
872 3054 1060 3119 solenniter.

333 3183 368 3253 (Ι
390 3175 549 3251 Sabbato,
580 3177 623 3240 de
652 3185 769 3240 sancta
800 3175 915 3239 Maria.
975 3175 1041 3239 Vbi
1071 3174 1157 3239 fiunt
1186 3186 1252 3240 tres
1289 3197 1492 3242 commemo-

288 3266 441 3338 rationes,
457 3264 490 3326 in
507 3263 545 3326 .ii.
562 3262 641 3325 feria
657 3260 726 3327 fiet'
741 3283 807 3327 vna
820 3264 1103 3326 commemoratio.

332 3390 367 3460 (Ι
391 3384 431 3447 In
461 3404 550 3446 anno
580 3383 736 3457 bisextili‚
769 3384 808 3447 ln
838 3383 980 3447 sabbato
1009 3383 1071 3446 erit
1101 3383 1276 3446 seruicium
1306 3384 1349 3448 de
1375 3395 1492 3449 sancto

290 3472 428 3546 Mathia,
446 3472 492 3535 Et
508 3471 539 3533 in
550 3469 598 3533 .vi.
611 3469 691 3533 feria
706 3470 748 3532 de
763 3479 879 3533 sancta
896 3469 1012 3533 Maria.
1058 3470 1104 3534 Et
1119 3481 1199 3534 tunc
1214 3470 1257 3533 ab
1272 3469 1335 3533 hoc
1351 3471 1492 3536 sabbato

287 3578 391 3641 vsque
407 3559 450 3622 ad
467 3558 711 3620 inchoationem
735 3557 871 3620 historie
914 3555 956 3619 In
964 3557 1126 3638 principio
1140 3558 1321 3640 accipiatur
1335 3568 1491 3640 quartum

292 3644 323 3709 G
338 3665 399 3727 pro
415 3644 524 3708 littera
539 3643 738 3720 dominicali,
753 3653 787 3707 et
804 3642 976 3707 inchoetur
990 3644 1033 3707 ad
1049 3643 1250 3707 dominicam
1267 3645 1300 3707 in
1320 3644 1492 3728 Quinqua-

289 3752 424 3815 gesrma

289 3859 357 3913 Feb.
371 3853 426 3926 26.]
461 3857 496 3928 (Ι
518 3852 696 3916 Dominica
713 3851 745 3913 in
761 3851 799 3928 .Ι.,
814 3860 887 3916 tota
901 3860 1055 3915 cantetur
1069 3851 1213 3916 historia

329 3981 365 4051 (Ι
388 3974 485 4038 Feria
499 3973 538 4036 ii.
554 3974 597 4036 de
613 3972 697 4035 lento
712 3970 785 4034 loci.

331 4100 365 4171 (Ι
389 4095 486 4158 Feria
500 4093 550 4157 iii.
566 4093 609 4157 de
624 4100 740 4156 sancta
757 4092 872 4155 Maria

320 4456 329 4487 ¹
346 4458 430 4509 seriis:
448 4470 490 4521 97,
502 4471 542 4507 οι.
713 4454 725 4486 ²
741 4456 801 4506 fiat:
819 4455 860 4517 87,
874 4455 913 4505 88.
1110 4456 1164 4494 ³-⁴
1179 4474 1246 4508 ona:
1265 4457 1305 4519 87,
1319 4458 1358 4508 88.
