3326 5208
259 421 309 476 254
586 409 861 460 DlRECTORIUM
889 412 933 460 SA
938 412 1093 461 CERDOT
1093 411 1158 462 ΠΜ.

303 570 337 640 11
361 565 458 627 Feria
480 563 532 627 iii.
556 564 598 626 de
621 561 781 628 octauis¹:
804 564 851 627 Et
867 563 927 627 fiat
947 566 990 627 de
1016 574 1137 627 octaua
1161 565 1268 629 sancti
1297 565 1470 628 Laurentii

261 653 363 715 missa
379 655 410 714 in
428 653 584 734 capitulo.

303 882 337 952 11
362 877 458 938 Feria
473 897 510 939 .v.
526 875 569 938 de
585 876 745 939 octauis¹:
768 885 802 938 et
818 876 979 938 memoria
995 875 1038 938 de
1053 886 1171 940 sancto
1188 877 1323 959 Magno.

303 994 337 1064 11
362 989 459 1050 Feria
481 989 521 1051 vi.
538 988 582 1050 de
593 988 753 1050 octauis¹:
777 987 970 1070 antiphona,
985 986 1137 1062 Camurii,
1163 989 1311 1070 psalmus
1326 989 1472 1051 Beatus.¹

261 1075 319 1139 Ad
336 1095 500 1157 vesperas,
514 1075 701 1157 antiphona
718 1073 826 1156 Surge
839 1074 971 1155 aquilo,·
997 1076 1146 1156 psalmus
1161 1075 1369 1158 Magmficat.

304 1192 338 1262 11
362 1185 522 1261 Sabbato,
552 1187 595 1249 de
632 1186 792 1250 octauis¹:
824 1186 1009 1267 antiphona
1038 1187 1166 1248 Anima
1199 1208 1278 1259 mea,
1308 1187 1472 1269 psalmus³

261 1275 462 1350 Benedictus,
477 1283 512 1336 et
534 1274 643 1337 ceteri.
690 1273 746 1337 Ad
770 1293 934 1354 vesperas,
950 1275 1111 1336 memoria
1126 1276 1169 1337 de
1188 1274 1410 1355 martyribus‚⁴
1425 1275 1470 1336 de

260 1361 439 1437 dominica,
448 1362 491 1423 de
507 1360 680 1435 Trinitate,
693 1371 727 1423 et
742 1361 910 1442 processio
922 1359 1003 1423 liat.l
1035 1359 1074 1422 In
1091 1362 1272 1436 redeundo,
1283 1361 1471 1444 antiphona

264 1450 425 1513 Saluator
437 1447 570 1510 mundi:
593 1447 772 1510 versiculus
787 1446 946 1509 Exultent
960 1447 1047 1510 iusti.

439 1565 473 1635 11
497 1560 676 1622 Dominica
701 1560 764 1622 iiii.
788 1569 897 1622 totum
924 1559 966 1621 de
990 1561 1122 1621 octaua¹
1150 1570 1184 1622 et
1211 1569 1276 1623 tres
1301 1561 1471 1624 memorie.

261 1612 335 1681 Aug.
349 1608 403 1681 η’]
443 1647 677 1710 lnuitatorium
707 1647 838 1727 triplex.
899 1646 936 1708 ln
965 1646 1118 1709 laudibus
1145 1667 1261 1709 omnes
1286 1647 1472 1729 antiphone

262 1735 423 1797 dicantur.
471 1734 576 1796 Missa
591 1733 800 1797 dominicalis
813 1733 845 1794 in
862 1734 1008 1795 secunda
1021 1732 1101 1796 seria
1117 1734 1247 1797 dicatur
1263 1735 1295 1796 in
1312 1734 1470 1816 capitulo

304 1852 338 1922 11
363 1847 459 1909 Feria
481 1847 521 1909 .ii.
544 1847 587 1909 de
611 1845 834 1927 martyribus‚⁰
857 1865 933 1907 cum
952 1842 976 1929 [l
993 1844 1057 1927 .vi.]
1080 1856 1251 1909 nocturno
1299 1846 1403 1908 Missa
1427 1846 1472 1909 de

259 1934 396 2016 vigilia!

303 2051 337 2121 11
362 2046 459 2108 Feria
474 2045 525 2108 iii.
541 2045 584 2108 de
599 2055 716 2107 sancto
733 2044 978 2120 Bartholomeo,
995 2044 1136 2107 Inferius
1159 2044 1295 2127 duplex.

303 2163 337 2233 11
363 2158 459 2219 Feria
474 2157 536 2220 iiii.
553 2156 595 2219 de
611 2156 697 2219 sesto
712 2156 783 2220 loci.

303 2275 337 2345 11
362 2270 390 2332 F
391 2270 459 2332 eria
474 2291 511 2333 .v.
527 2270 570 2331 de
586 2279 703 2332 sancta
719 2268 848 2331 Maria⁸

260 2470 271 2532 l
303 2387 337 2482 11
362 2382 458 2444 Feria
481 2382 531 2444 .vi.
558 2382 601 2443 de
630 2391 747 2444 sancto
785 2380 916 2462 Ruph0‚
947 2381 1182 2443 inuitatorium
1221 2381 1368 2464 duplex:
1401 2390 1470 2444 tres

273 2481 428 2532 ecttones

302 2574 336 2644 11
359 2568 425 2630 Vbi
450 2566 535 2630 hunt
557 2578 624 2646 tres
650 2568 996 2643 commemorationes,
1014 2567 1052 2629 In
1080 2567 1142 2628 hac
1169 2576 1267 2629 sexta
1292 2566 1385 2630 seria⁹
1410 2565 1469 2630 fiat

258 2656 534 2718 commemoratio
549 2655 647 2717 beate
664 2654 779 2729 Marie,
794 2664 828 2716 et
852 2655 1012 2717 memoria
1036 2654 1079 2716 de
1102 2665 1219 2716 sancto
1244 2654 1375 2736 Rupho
1423 2655 1469 2718 Et

261 2744 293 2804 in
310 2765 347 2806 .v.
364 2741 445 2804 seria
460 2742 522 2803 erit
538 2740 685 2805 secunda
705 2742 988 2805 commemoratio

303 2860 337 2930 11
361 2853 521 2929 Sabbato,
543 2855 586 2916 de
610 2863 727 2916 sancto
752 2853 953 2935 Augustino,
972 2852 1110 2916 Inferius
1133 2852 1283 2934 duplex:
1308 2854 1468 2915 memoria

261 2942 406 3004 solennis
429 2942 472 3003 de
495 2951 611 3003 sancto
637 2940 805 3003 Hermete.
853 2940 1045 3021 Capitulum
1069 2939 1172 3002 Dedit
1193 2939 1363 3002 Dominus.
1410 2940 1466 3002 Ad

258 3030 424 3091 secundas
440 3048 604 3109 vesperaS,
619 3027 662 3090 de
684 3036 801 3090 sancto
824 3026 1026 3109 Augustino,
1043 3027 1202 3090 memoria
1225 3028 1267 3090 de
1290 3027 1467 3101 dominica,

258 3126 293 3178 et
309 3116 352 3177 de
368 3115 541 3190 Trinitate,
558 3115 759 3195 priuatim¹⁰z
775 3117 833 3177 sed
850 3116 892 3176 de
909 3124 1026 3177 sancto
1044 3113 1226 3190 Iohanne,¹¹
1242 3124 1277 3176 et
1292 3115 1334 3176 de
1350 3123 1467 3177 sancta

261 3202 395 3277 Sabina,
411 3202 599 3277 solenniter,
616 3202 687 3263 sine
702 3202 913 3283 processione
928 3213 1007 3263 ante
1022 3221 1161 3264 crucem.

436 3318 470 3388 11
495 3312 623 3376 Littera
638 3312 873 3375 dominicalis¹²
886 3313 919 3384 C.
930 3323 1051 3395 quarto
1068 3313 1230 3376 kalendas
1248 3312 1467 3395 Septembris,

438 3400 610 3462 inchoetur
636 3401 774 3462 historia
811 3400 872 3481 (Si
898 3400 1006 3479 bona),
1033 3420 1109 3462 cum
1142 3401 1323 3462 memoria:
1355 3410 1465 3462 toturn

260 3487 434 3549 seruicium
451 3488 512 3550 erit
528 3486 570 3549 de
585 3498 703 3550 sancto
732 3488 881 3549 Iohanne
904 3487 1058 3568 baptista,
1077 3487 1308 3549 inuitatorium
1333 3487 1466 3568 triplex.

263 3573 318 3635 Ad
336 3576 515 3637 matutinas
532 3573 590 3637 fiat
606 3575 766 3636 memoria
782 3575 824 3636 de
839 3584 954 3636 sancta
971 3573 1105 3646 Sabina,
1121 3575 1164 3636 de
1182 3574 1358 3649 dominica,
1373 3584 1407 3637 et
1423 3575 1468 3636 de

261 3660 432 3724 Trinitate.
480 3662 525 3724 Et
542 3663 641 3724 missa
657 3663 699 3723 de
715 3672 832 3724 sancta
848 3660 974 3725 Sabina
989 3661 1022 3723 in
1039 3662 1185 3743 capitulo
1201 3662 1363 3724 dicatur.¹³

258 3365 331 3433 Aug.
347 3361 401 3434 29·]

293 3820 511 3917 {Assumptionis
873 3820 1066 3916 {Benedictusz
1085 3832 1126 3884 97,
1138 3835 1179 3871 01.
1271 3887 1277 3898 ·

293 3951 303 3982 ⁶
321 3887 560 4003 blihiliriaglleggs
574 3951 709 4002 Timotheo
719 3964 744 4002 et
756 3888 949 4017 Symphoriabb,
961 3888 1363 4012 {pgpssppipatfieppph'pppgppie'

293 4016 304 4047 ⁶
320 4019 365 4069 SS.
381 4018 515 4068 Timotheo
526 4028 551 4068 et
566 4018 716 4083 Apollinari.
871 4016 882 4050 ⁷
899 4018 924 4069 S.
941 4018 1118 4067 Bartholomei.

292 4082 303 4114 ⁸
320 4085 388 4133 Nota
404 4085 471 4148 quod
489 4083 608 4133 lectiones
624 4084 655 4133 de
672 4083 909 4133 commemoratione
927 4085 955 4132 B.
971 4083 1052 4133 Marie
1068 4095 1093 4133 et
1108 4082 1236 4148 sequentie
1250 4081 1366 4133 dicuntur
1376 4083 1466 4133 eodem

260 4149 358 4207 ordine,
372 4149 434 4198 sicut
445 4159 503 4198 aute
516 4151 632 4199 Octeuas.
668 4149 745 4198 Brcu.

292 4213 303 4245 ⁹
320 4215 446 4265 Sabbato:
465 4216 540 4263 Breu.
554 4216 696 4279 Sar.1531.
873 4211 894 4244 ¹⁰
909 4215 956 4263 sub
966 4213 1083 4263 silentio:
1104 4215 1179 4264 Breu.

294 4278 312 4309 ¹¹
330 4280 447 4344 baptista,
460 4280 492 4328 de
503 4281 603 4329 collato.
872 4277 892 4309 ¹⁹³
907 4278 1069 4328 dominicali:
1088 4279 1129 4340 87,
1142 4279 1181 4330 88.

295 4344 314 4374 ¹³
331 4345 405 4394 missa
416 4346 448 4394 de
460 4346 486 4395 S.
501 4345 595 4395 Sabina
606 4344 632 4394 in
640 4345 749 4410 oepitulo
760 4343 858 4393 dicitur.
889 4345 930 4394 Ad
941 4347 1019 4394 altam
1030 4344 1141 4404 missam,
1155 4344 1274 4397 memoria
1285 4346 1316 4394 de
1328 4343 1465 4405 dominica,

258 4412 334 4525 ehtde
352 4411 483 4460 Trinitate.
519 4410 703 4474 Portiſs153o.
739 4410 819 4459 Missa
835 4410 992 4461 dominicalis
1008 4409 1099 4460 dicitur
1121 4410 1147 4459 in
1163 4409 1310 4475 capituloin
1327 4409 1362 4459 iii.
1382 4410 1465 4460 Feria.

284 4486 421 4541 rcu.1531.
