3316 5220
533 474 750 526 SECUNDUM
762 475 799 525 D.
833 476 894 525 xiii.
907 492 934 525 x.
953 492 978 525 v.
992 477 1022 525 r‘r'.
1340 479 1389 542 287

218 631 252 701 (l
276 626 437 704 Sabbato,
451 626 495 689 de
509 638 628 692 sancto
645 629 848 695 Benedicto:
871 629 916 693 ix.
932 628 1100 694 lectiones.

218 743 252 813 01
276 737 356 802 ¹Vbi
372 737 457 802 fiunt
479 748 546 801 tres
569 741 914 817 commemorationes,
929 741 962 803 in
979 763 1016 804 .v.
1034 741 1114 805 seria
1129 741 1188 804 fiat
1202 762 1268 805 vna
1295 764 1386 807 com-

175 827 392 889 memoratio:
430 835 464 888 et
502 826 535 888 in
573 827 624 890 .vi.
661 826 742 889 seria
772 828 1048 891 commemoratio
1078 829 1176 892 beate
1207 828 1322 903 Marie,
1353 843 1386 895 et

176 913 337 975 memoria
359 912 402 975 de
432 912 656 995 martyribus.²
699 914 758 977 Ad
788 935 942 997 vesperas
972 916 1195 998 reliquiarum,
1226 920 1387 981 memoria

174 999 331 1082 priuatim
344 1000 387 1063 de
396 1010 514 1063 sancto
527 1000 729 1064 Benedicto:
752 1003 795 1064 de
804 1002 995 1065 dominica:
1017 1013 1052 1066 et
1068 1002 1111 1066 de
1127 1003 1301 1080 Trinitate,
1315 1007 1386 1068 sine

175 1106 392 1168 processione.

351 1203 385 1273 (l
408 1197 586 1261 Dominica
602 1200 663 1263 .vii.
679 1209 756 1281 post
777 1200 988 1278 Trinitatem,
1010 1200 1131 1265 festum
1154 1202 1385 1284 reliquiarum:

353 1286 460 1349 maius
476 1286 623 1368 duplex:
646 1296 680 1349 et
696 1288 762 1350 due
778 1287 959 1350 memorie⁸

216 1401 250 1471 {1
274 1395 434 1479 Quotidie
449 1417 509 1480 per
522 1409 668 1476 octauas,
684 1399 727 1462 ad
744 1419 907 1481 vesperas,
922 1399 1114 1475 matutinas,
1128 1410 1163 1464 et
1178 1401 1222 1464 ad
1239 1402 1385 1480 missam,

175 1481 234 1546 fiat
249 1485 411 1546 memoria
426 1485 468 1546 de
492 1483 646 1567 reliquiis,
670 1505 747 1549 cum
770 1486 834 1548 hac
857 1485 1021 1550 Oratione
1045 1486 1189 1567 (Prosta,
1203 1509 1384 1569 quesumus,

174 1570 372 1652 ommpotens
382 1571 481 1648 Deus,
492 1582 529 1634 vt
542 1581 727 1635 sanctorum
743 1581 883 1650 tuorum,
893 1594 1031 1655 quorum
1047 1574 1188 1656 reliquie,
1201 1585 1235 1638 et
1251 1576 1384 1657 cetera).

215 1688 250 1758 01
275 1683 371 1745 Feria
386 1683 435 1757 .ii.,
452 1683 495 1746 de
510 1682 612 1747 seria:
635 1694 669 1747 et
684 1684 815 1748 dicatur
826 1685 970 1767 primum
983 1684 1245 1768 Responsorium
1263 1687 1383 1751 feriale.

175 1768 281 1833 Missa
297 1770 514 1834 dominicalis.

215 1886 250 1956 (l
273 1881 371 1944 Feria
385 1883 439 1946 iii.
454 1883 498 1946 de
513 1882 599 1945 sesto
615 1882 686 1946 loci.

174 1249 228 1317 Jul.
245 1246 298 1319 12·]

172 2080 391 2163 plurimorum
408 2081 644 2145 confessorum.

215 2198 249 2268 ἦ
274 2193 372 2255 Feria
387 2215 424 2257 .v.
441 2193 484 2256 de
499 2203 616 2257 sancto
632 2192 830 2258 Osmundo:
854 2195 899 2258 ix.
915 2194 1075 2258 lectiones
1090 2195 1134 2258 de
1148 2198 1327 2259 communi.

171 2390 181 2453 l
215 2309 249 2379 (l
275 2305 372 2368 Feria
398 2306 447 2369 .vi.
472 2307 515 2369 de
538 2316 656 2370 sancto
681 2305 857 2382 Kenelmo,
885 2307 1120 2370 lnuitatorium
1145 2307 1293 2390 duplex:
1315 2323 1384 2372 tres

182 2393 339 2456 ectiones.

215 2509 250 2579 ΙΙ
274 2503 436 2580 Sabbato,
451 2506 494 2568 de
509 2513 627 2567 sancta
644 2505 773 2568 Maria.⁴

215 2621 249 2691 (l
271 2616 340 2679 Vbi
356 2614 442 2680 fiunt
456 2626 523 2679 tres
543 2618 887 2693 commemorationes,
902 2617 935 2679 in
950 2617 990 2681 .ii.
1014 2616 1094 2680 seria
1116 2616 1176 2681 fiat
1200 2639 1265 2681 vna
1291 2639 1381 2681 com·

173 2704 378 2767 memoratio.
439 2703 496 2766 Ad
521 2723 685 2785 vesperas,
711 2704 896 2786 antiphona
918 2704 1051 2767 Montes
1083 2703 1203 2782 Gelboe,
1233 2706 1381 2788 psalmus

171 2791 590 2941 ggfflficcsffc'emmemmia
616 2790 659 2853 de
688 2790 853 2873 reliquiis:
876 2792 919 2853 de
946 2791 1130 2854 Trinitate:
1153 2801 1187 2854 et
1214 2794 1383 2875 processio

348 2994 382 3064 (l
405 2989 585 3052 Dominica
599 2989 682 3062 ,viii.,
698 2990 741 3053 de
756 2989 895 3052 seruicio
915 2989 1115 3053 dominicali.
1163 2991 1202 3054 In
1227 2990 1380 3055 laudibus

171 3042 226 3110 Jul.
242 3037 296 3110 ¹⁹'l
349 3096 415 3139 vna
430 3076 635 3159 antiphona:
659 3077 819 3139 memoria
834 3076 877 3139 de
892 3077 1048 3159 reliquiis,
1063 3089 1098 3139 et
1114 3080 1157 3140 de
1172 3077 1346 3142 Trinitate.

214 3193 248 3263 (l
271 3188 370 3251 Feria
384 3188 424 3251 ii.
440 3190 483 3251 de
498 3198 614 3251 sancta
631 3188 840 3269 Margareta:
863 3188 907 3251 ix.
923 3187 1092 3252 lectiones.

213 3305 248 3375 01
272 3300 369 3362 Feria
384 3300 435 3364 .iii.
452 3301 495 3363 de
510 3299 596 3363 sesto
612 3299 684 3363 loci.

170 3499 214 3563 ix.
231 3499 410 3576 lectiones;
433 3510 467 3563 et
482 3499 643 3562 memoria
657 3499 700 3561 de
716 3498 859 3562 abbatc.⁶

213 3617 247 3687 01
272 3612 369 3674 Feria
384 3633 431 3688 .v.,
446 3611 488 3674 de
504 3621 620 3675 sancta
638 3610 753 3687 Maria,
769 3621 804 3673 et
820 3611 982 3674 memoria
996 3611 1040 3674 de
1056 3613 1223 3694 martyre.⁶

174 3724 368 3892 caligne:
390 3724 439 3787 .vi.
463 3724 505 3786 de
534 3732 652 3786 sancta
678 3722 833 3801 Cristina,
856 3743 933 3785 cum
958 3733 1151 3787 nocturno:
1184 3723 1378 3805 Capitulum

198 3831 239 3873 on
265 3821 358 3874 teor.

214 3927 248 3997 (l
271 3920 433 3998 Sabbato,
459 3922 501 3984 de
530 3931 648 3985 sancto
680 3921 804 3984 lacobo
840 3921 1017 4004 apost010,⁷
1050 3921 1191 3985 [userius
1228 3921 1378 4004 duplex:

172 4007 244 4072 Ad⁸
273 4028 438 4091 vesperas,
468 4010 627 4072 memoria
659 4007 702 4071 de
732 4019 847 4071 sancta
882 4009 984 4071 Anna
1016 4010 1216 4072 solenniter:
1257 4012 1304 4072 et9
1334 4010 1377 4071 de

204 4215 319 4267 1-20m.
334 4230 375 4279 97,
391 4230 432 4267 01.
794 4215 925 4282 'Septem
936 4217 1071 4268 Fratribus

204 4280 216 4312 ³
231 4283 348 4347 priuatim
359 4301 366 4332 :
383 4284 440 4332 add.
454 4292 496 4344 97,
507 4295 548 4332 o1.

204 4346 215 4377 ⁴
230 4356 255 4397 et
267 4348 342 4397 missa
353 4347 510 4398 dominicalis
520 4347 611 4398 dicitur
621 4347 648 4398 in
659 4347 769 4412 capitulo
780 4347 869 4397 eodem
880 4346 922 4397 die
933 4365 939 4397 z
956 4349 1013 4397 add.
1027 4359 1068 4409 97,
1080 4360 1121 4398 o1.

204 4410 215 4442 ⁶
231 4412 470 4478 &wandregesilo
793 4411 805 4443 ⁶
821 4413 848 4463 S.
866 4413 1021 4478 Apollinare.

204 4476 362 4543 ⁷apostolo:
379 4495 426 4528 om.
441 4478 482 4540 87,
495 4477 535 4529 88.
798 4476 962 4528 lsecundas:
979 4480 1035 4529 add.
1050 4477 1091 4539 87,
1104 4476 1144 4528 88.

202 4539 215 4573 ⁰
229 4554 254 4593 et
265 4544 362 4609 primo:
379 4555 421 4607 97,
433 4557 474 4593 or.
