3316 5220
545 466 766 518 SECUNDUM
776 468 811 518 D.
847 470 908 518 xiii.
920 486 947 519 x.
967 485 992 519 v.
1006 471 1036 519 ii.

229 622 263 693 (Ι
287 616 385 679 Feria
399 617 448 680 .vi.
465 617 508 680 de
523 617 611 682 feria
659 621 886 703 Responsoria
909 622 992 687 Vidi
995 633 1139 705 portam.

230 734 264 805 (Ι
288 727 449 806 Sabbato,
465 731 509 793 de
524 740 641 794 sancta
658 732 773 796 Maria

228 841 353 917 (IVbi
384 840 468 906 fiunt
498 851 566 905 tres
602 846 948 923 commemorationes,
978 847 1011 909 in
1043 847 1092 912 ,vi
1124 847 1206 911 seria
1243 847 1302 913 fiat
1332 869 1398 913 vna

188 929 473 993 commemoratio,

362 1046 398 1116 (Ι
420 1040 601 1105 Dominica
629 1043 671 1106 .ii.
702 1052 779 1126 post
811 1045 934 1108 Pasca:
961 1044 1004 1108 de
1033 1046 1174 1110 seruicio
1197 1048 1399 1112 dominicali

364 1127 520 1191 Tercium
532 1128 970 1212 Responsoriumaduobus
981 1142 1143 1198 cantetur.
1191 1133 1230 1196 Iu
1244 1134 1398 1198 laudibus

188 1232 254 1276 vna
269 1213 463 1296 antiphona.
1397 1226 1400 1231 ⁴

229 1326 385 1474 Imma
399 1328 439 1391 .ii.
455 1327 498 1391 de
514 1326 602 1392 seria
649 1330 875 1413 Responsoria
890 1330 1026 1414 Dignus
1039 1353 1080 1396 es.
1127 1333 1232 1396 Missa
1254 1333 1399 1397 domini·

188 1431 227 1474 ca
241 1432 276 1475 rs.

188 1090 255 1160 Apr,
273 1087 325 1160 12.]

230 1529 265 1599 (Ι
289 1525 387 1588 Feria
422 1526 473 1590 ‚iii
512 1527 555 1590 de
600 1529 824 1611 martyribus,¹
865 1529 1099 1595 Inuitatorium
1137 1531 1286 1614 duplex:
1330 1541 1398 1595 tres

189 1609 355 1688 lectiones,
371 1613 443 1676 sine
459 1613 621 1694 regimine
636 1615 737 1679 chori.

230 1840 264 1910 (Ι
289 1837 386 1899 Feria
400 1858 438 1900 .v.
454 1839 497 1901 de
513 1837 599 1902 festo
614 1838 686 1903 loci.

229 1952 265 2022 (Ι
288 1949 386 2012 Feria
400 1950 450 2013 .vi.
466 1951 510 2014 de
525 1949 613 2014 seria.
660 1952 886 2035 Responsoria
912 1953 992 2017 Vidi
995 1963 1137 2035 portam.

229 2066 265 2136 (Ι
288 2059 448 2139 Sabbato‚
470 2063 514 2126 de
543 2072 661 2127 sancta
689 2064 805 2128 Maria
850 2065 919 2129 Vbi
951 2064 1035 2130 fiunt
1065 2074 1133 2129 tres
1157 2085 1398 2129 commemora·

187 2147 305 2225 tiones,
320 2148 352 2210 in
370 2150 419 2212 .vi.
436 2149 517 2212 feria
533 2149 592 2214 fiat
606 2171 673 2214 vna
688 2153 971 2217 commemoratio

364 2266 398 2337 (Ι
422 2262 603 2325 Dominica
625 2262 677 2327 iii.
702 2274 780 2345 post
797 2264 922 2328 Pasca:
957 2274 1066 2328 totum
1093 2265 1136 2328 de
1162 2265 1340 2336 dominica.
1364 2275 1398 2328 et

187 2311 256 2380 Apr.
273 2310 325 2382 ¹9']
366 2349 527 2412 memoria
552 2350 595 2412 de
617 2362 736 2414 sancto
763 2352 929 2434 Alphego.
977 2352 1017 2415 In
1041 2352 1196 2416 laudibus
1223 2372 1289 2416 vna
1312 2353 1397 2415 anti·

188 2433 308 2516 phona

227 2547 602 2695 l(11⁴“eria.ii.(ieseria.
648 2550 876 2632 Responsoria
890 2550 1026 2634 Dignus
1039 2572 1079 2614 es.
1127 2552 1232 2615 Missa
1254 2551 1397 2614 domini-

186 2654 225 2696 ca
239 2655 274 2698 rs.

230 2752 264 2823 (Ι
288 2747 385 2810 Feria
398 2748 451 2810 iii.
467 2749 509 2812 de
525 2746 612 2812 sesto
627 2749 699 2813 loci.

229 2865 264 2935 (Ι
288 2860 385 2923 Feria
400 2861 462 2923 iiii.
479 2861 522 2924 de
537 2870 653 2925 sancta
670 2860 785 2925 Maria.

230 2978 264 3049 (Ι
288 2973 386 3036 Feria
400 2995 437 3036 .v.
454 2973 497 3036 de
512 2983 630 3037 sancto
645 2973 814 3056 Georgio,2
830 2973 940 3037 minus
955 2973 1092 3056 duplex.

229 3090 263 3160 (Ι
287 3084 385 3148 Feria
400 3085 448 3148 .vi.
464 3085 508 3149 de
523 3084 611 3149 seria
658 3085 885 3168 Responsoria
898 3086 1039 3148 Locutus
1052 3095 1106 3149 est.

230 3203 264 3273 (Ι
288 3196 449 3275 Sabbato,
464 3197 507 3260 de
522 3208 640 3261 sancto
658 3198 782 3273 Marc0,
806 3197 948 3261 inferius
969 3197 1106 3279 duplex.
1154 3197 1210 3260 Ad
1234 3199 1397 3261 secundas

187 3304 351 3368 vesperas,
367 3285 529 3347 memoria
543 3286 587 3349 de
602 3285 780 3362 dominica,
795 3296 828 3349 et
844 3285 1011 3367 processio
1028 3284 1093 3349 fiat.

229 3403 264 3473 (Ι
285 3397 354 3460 Vbi
381 3395 466 3459 fiunt
495 3405 562 3460 tres
592 3397 938 3474 commemorationes,
967 3397 999 3460 in
1030 3398 1079 3460 .vi,
1117 3396 1199 3460 seria
1236 3394 1294 3460 fiat
1331 3417 1397 3460 vna

187 3484 469 3549 commemoratio.
515 3484 562 3547 Et
584 3493 664 3547 tunc
688 3485 721 3547 in
748 3484 788 3548 .ii.
819 3483 899 3547 seria
922 3485 1076 3547 dicantur
1101 3484 1328 3567 Responsoria
1353 3486 1397 3547 de

187 3573 249 3637 iiii.
266 3572 355 3645 seria,
371 3570 498 3634 scilicet
523 3571 604 3635 Vidi
608 3582 749 3652 portam.

362 3690 396 3760 (Ι
421 3683 600 3748 Dominica
630 3684 693 3747 ,iiii
723 3695 802 3765 post
834 3685 957 3748 Pasca:
995 3694 1104 3747 totum
1143 3683 1186 3746 de
1219 3683 1396 3747 dominica

188 3737 255 3806 Apr·
269 3733 324 3805 2⁶]
366 3771 593 3854 Responsoria
610 3771 655 3834 Si
667 3770 791 3834 oblitus.
839 3772 878 3833 In
902 3770 1057 3834 laudibus
1072 3790 1190 3834 omnes
1213 3770 1396 3851 antiphone

186 3859 346 3922 dicantur.

226 3969 385 4120 1(.ΙΙῗετίει
407 3970 446 4034 ,ii
469 3970 513 4032 de
535 3968 623 4032 feria
671 3970 896 4051 Responsoria
914 3969 1078 4034 Narrabo.
1125 3969 1230 4032 Missa
1252 3969 1397 4032 domini-

186 4078 274 4121 cars.

228 4176 262 4246 (Ι
287 4170 384 4232 Feria
406 4169 457 4233 iii.
481 4170 524 4231 de
546 4178 664 4232 sancto
691 4168 826 4232 Vitale:
848 4176 916 4230 tres
940 4167 1109 4245 lectiones,
1132 4188 1207 4231 cum
1236 4169 1397 4251 regimine

186 4257 285 4320 chori.

315 4535 324 4567 ¹
343 4538 389 4590 SS.
404 4537 529 4596 Tiburno,
541 4547 589 4587 ete.
967 4535 978 4567 ²
995 4537 1135 4602 Gregorio:
1153 4550 1195 4599 97,
1206 4551 1247 4587 οι.
