3326 5208
241 410 290 459 244
567 398 688 447 DIREC
691 398 716 447 T
715 398 843 448 ORIUM
870 397 1137 448 SACERDOTUM.

284 556 318 626 (Ι
343 550 438 613 Feria
454 550 490 614 .ii.
506 551 549 613 de
564 562 682 614 sancto
692 551 882 623 Ambrosie,
896 550 1035 614 Inferius
1057 549 1193 633 duplex.
1251 549 1456 633 Capitulum.

242 637 323 700 Ecce
335 637 489 701 sacerdos.

287 755 321 824 (Ι
346 749 442 812 Feria
457 750 505 813 iii.
522 759 556 812 et
571 750 687 812 ceteris
704 748 791 812 seriis
806 770 865 831 per
879 749 1137 827 hebdomadam,
1152 749 1195 812 de
1210 750 1337 813 ieiunio

289 867 323 936 (Ι
348 862 442 924 Feria
458 884 495 926 .v.
511 862 641 926 dicatur
657 862 917 943 Responsorium
934 860 1052 925 feriale.

246 984 326 1055 April
343 982 394 1055 η]
421 980 454 1049 (Ι
479 975 656 1038 Dominica
672 975 704 1037 in
717 974 874 1037 Passi'one
891 974 1037 1051 Domini,
1051 983 1160 1037 totum
1177 976 1219 1037 de
1235 974 1411 1038 dominica.

290 1094 324 1163 (Ι
349 1088 444 1151 Feria
460 1087 507 1164 ‚ii.,
523 1089 569 1149 et¹
585 1087 703 1150 ceteris
719 1086 804 1149 seriis
820 1106 879 1168 per
893 1085 1152 1162 hebdomadam,
1167 1087 1209 1149 de
1225 1087 1353 1150 ieiunio,

249 1307 325 1351 cum
350 1288 482 1351 duobus
506 1285 682 1349 ferialibus.
739 1285 785 1347 Et
814 1286 845 1347 in
873 1286 934 1349 iiii.
962 1284 1041 1347 feria
1065 1284 1123 1347 fiat
1150 1287 1192 1347 de
1219 1282 1435 1367 martyribus³

250 1375 410 1438 memoria
425 1375 467 1437 ad
482 1392 638 1455 vesperas
653 1374 701 1435 et³
715 1373 897 1435 matutinas
913 1373 1009 1436 beate
1026 1372 1132 1434 Marie
1147 1373 1289 1454 virginis.

251 1497 331 1569 April
347 1495 399 1567 18]
428 1492 462 1561 (Ι
486 1485 662 1548 Dominica
678 1485 710 1547 in
727 1485 827 1547 ramis
842 1484 1038 1557 Palmarum,
1056 1493 1164 1547 totum
1181 1485 1223 1547 de
1239 1486 1414 1547 dominica.

294 1607 329 1678 (Ι
353 1600 448 1665 Feria
463 1598 500 1662 ii.
517 1606 550 1660 et
566 1597 682 1661 ceteris
699 1596 785 1659 seriis
802 1617 859 1679 per
875 1596 1131 1673 hebdomadam,
1146 1596 1189 1660 de
1205 1597 1333 1660 ieiunio.

295 1713 448 1789 {Feria
472 1710 523 1774 iii.
549 1710 708 1772 memoria
741 1708 782 1771 de
820 1719 936 1772 sancto
970 1707 1138 1791 Alpheg0,
1164 1710 1206 1771 ad
1234 1729 1388 1791 vesperas
1413 1710 1464 1771 et⁸

253 1800 434 1865 matutinas
449 1797 548 1860 beate
565 1795 678 1859 Marie.

296 1918 330 1988 (Ι
355 1912 450 1975 Feria
464 1910 526 1973 .iii.⁴
542 1909 695 1971 dicantur
711 1908 865 1989 Exequie
881 1908 1089 1971 Mortuorum
1101 1928 1176 1971 cum
1189 1908 1242 1972 ix.
1256 1909 1463 1981 lectionibus

253 2011 288 2063 et
304 2001 405 2062 missa
420 1999 452 2060 in
470 1997 620 2058 crastino.
665 1994 812 2058 ⁶Deinde
828 2014 894 2056 non
912 1995 1067 2057 dicuntur
1078 1996 1272 2077 quotidiane
1286 1997 1467 2077 Exequie,⁶

253 2107 358 2169 vsque
374 2094 450 2168 post
465 2093 602 2146 octauas
619 2081 861 2145 Penthecostes.

432 2201 466 2270 (Ι
490 2194 554 2257 Die
566 2194 676 2269 Pasce,
691 2204 725 2255 et
742 2213 799 2274 per
815 2193 1070 2271 hebdomadam,
1085 2204 1193 2257 totum
1210 2194 1253 2258 de
1262 2195 1467 2258 solennitate

435 2283 516 2345 festi.
563 2280 667 2344 Nihil⁶
682 2279 725 2342 de
741 2290 857 2343 sancto
872 2279 992 2344 Vitale.

300 2402 334 2472 (Ι
358 2395 524 2459 Omnibus
539 2393 721 2467 dominicis,
737 2413 841 2474 vsque
856 2394 898 2456 ad
916 2392 1158 2456 Ascensionem
1173 2395 1318 2469 Domini,
1329 2395 1471 2475 quando

259 2485 301 2548 de
317 2482 429 2564 aliquo
445 2481 531 2544 sesto
547 2480 584 2543 lit
599 2481 781 2552 seruicium,
799 2478 857 2542 fiat
879 2480 1026 2542 solennis
1050 2483 1210 2544 memoria
1232 2483 1274 2544 de
1297 2481 1467 2544 dominica

260 2572 302 2634 ad
318 2581 475 2651 utrasque
491 2588 654 2651 vesperas,
670 2577 703 2630 et
719 2567 762 2629 ad
779 2568 978 2630 matutinas:
1001 2569 1059 2630 sed
1076 2588 1247 2650 nunquam
1261 2570 1302 2632 ad
1321 2569 1470 2632 missam.

302 2687 337 2758 (Ι
360 2681 526 2747 Omnibus
558 2679 651 2742 festis
685 2699 760 2743 curn
788 2680 948 2760 regimine
981 2679 1081 2755 chori,
1107 2700 1211 2761 vsque
1249 2681 1291 2743 ad
1318 2680 1469 2761 vigiliam

262 2769 477 2833 Ascensionis
500 2767 679 2840 exclusiue,
710 2765 769 2829 fiat
794 2766 939 2829 solennis
967 2768 1126 2829 memoria
1152 2769 1195 2830 de
1221 2767 1472 2844 resurrectione,

263 2857 324 2919 nisi
340 2857 372 2919 in
391 2855 589 2918 Inuentione
606 2853 729 2918 Sancte
745 2852 868 2929 Crucis,
884 2863 918 2917 et
941 2854 973 2915 in
990 2854 1139 2917 sabbatis
1155 2856 1196 2917 ad
1214 2875 1376 2937 vesperas.

306 2974 339 3043 (Ι
364 2968 500 3031 Festum
517 2967 621 3028 sancti
640 2964 772 3046 Georgii
789 2964 973 3028 celebretur
988 2966 1106 3048 quinto
1122 2967 1175 3029 die
1193 2966 1283 3031 Maii.

306 3086 341 3157 (Ι
365 3081 502 3143 Festum
519 3079 625 3140 sancti
644 3078 757 3153 Marci,
772 3077 949 3140 undecimo
965 3078 1019 3141 die
1037 3079 1125 3141 Maii.

308 3199 341 3268 (Ι
362 3193 503 3341 &intuiti
528 3199 717 3253 sanctorum
747 3188 890 3272 Philippi
914 3199 948 3252 et
985 3190 1106 3267 Iacobi,
1134 3190 1263 3252 decimo
1288 3190 1390 3253 tercio
1417 3192 1478 3253 die

265 3301 387 3343 mensis
444 3299 495 3341 an.

444 3396 478 3466 (Ι
502 3389 679 3452 Dominica
689 3389 736 3467 (in
754 3388 861 3467 albis),
877 3389 984 3471 prima
997 3399 1073 3472 post
1091 3389 1202 3460 Pasca,
1213 3390 1324 3452 minus
1336 3389 1479 3471 duplex,

270 3440 388 3512 ΜΨ]
446 3477 606 3540 memoria
630 3484 664 3537 et
691 3476 791 3537 missa
816 3478 858 3537 de
881 3477 1125 3540 resurrectione.
1179 3476 1329 3558 Vespere
1354 3477 1386 3538 in
1414 3476 1476 3538 do·

270 3565 391 3627 minica
403 3573 500 3627 erunt
512 3563 554 3626 de
568 3564 672 3627 Cruce
686 3586 692 3625 :
712 3575 745 3624 et
761 3562 908 3624 solennis
924 3564 1085 3625 memoria
1097 3566 1140 3627 de
1151 3564 1336 3626 dominica:
1354 3563 1481 3627 deinde

269 3652 415 3715 solennis
432 3651 591 3713 memoria
614 3651 655 3712 de
673 3649 891 3730 martyribus.7
938 3650 1015 3713 Non
1040 3649 1098 3712 fiat
1125 3651 1284 3713 memoria
1299 3652 1341 3713 de
1369 3670 1477 3713 resur-

270 3740 423 3814 rectione,
439 3739 498 3801 sed
516 3748 592 3820 post
608 3736 802 3798 memoriam
819 3738 861 3799 de
878 3736 1076 3818 martyribus
1093 3735 1150 3800 fiat
1169 3738 1344 3819 processio.

313 3856 347 3925 (Ι
372 3851 468 3913 Feria
493 3851 532 3913 .ii.
560 3850 602 3911 de
630 3848 755 3912 Sancta
781 3848 896 3926 Cruce,
923 3850 1031 3911 minus
1069 3849 1216 3930 duplex:
1250 3849 1408 3912 memoria
1434 3849 1482 3912 de

272 3938 496 4020 martyribus,⁷
512 3935 696 4019 antiphona
719 3986 724 3999 .
749 3934 986 4016 Luxperpetua
1009 3987 1015 3999 .
1040 3935 1154 3999 minor.

254 2247 335 2319 April
349 2263 363 2301 2
368 2244 403 2317 5.]

306 4208 313 4239 ¹
332 4210 375 4259 in:
393 4211 449 4258 add.
463 4207 504 4269 87,
517 4207 556 4258 88.
916 4205 927 4236 ²
944 4206 988 4257 SS.
1004 4206 1130 4269 Tyburcio
1141 4216 1165 4256 et
1176 4205 1317 4255 Valeriano.

304 4274 317 4370 ἰ
331 4275 511 4400 §dii-:tigpcrgcld
519 4273 560 4335 87,
573 4272 613 4323 88.
652 4276 669 4299 “
681 4273 702 4321 F
702 4272 754 4322 erio
766 4272 790 4323 ii.
806 4288 880 4322 mem.
895 4273 927 4321 de
939 4272 966 4322 S.
979 4273 1124 4337 Alphego.'’
1158 4273 1258 4336 conjecit
1268 4272 1290 4336 J.
1307 4272 1337 4320 R.
1353 4270 1435 4321 Lunn.

306 4405 359 4443 Ψ
376 4376 564 4479 Deinieps'non
575 4404 690 4454 dicantur
701 4403 826 4453 cotidiene
838 4402 950 4467 Exequie
963 4403 1137 4452 Mortuorum:
1155 4403 1195 4464 87.
1209 4401 1249 4451 88.

306 4469 317 4501 ⁸
333 4480 358 4521 et
369 4471 446 4532 before
457 4469 536 4518 mhil:
555 4468 596 4531 87,
609 4468 648 4519 88.
913 4467 923 4499 ²
940 4468 986 4518 SS.
1002 4469 1155 4528 Alexandro,
1170 4467 1277 4517 Euentio
1288 4476 1313 4518 et
1331 4466 1487 4517 Theodulio.
