3326 5208
495 469 713 522 SECUNDUM
733 472 760 521 c,
795 472 873 521 mu.
891 471 954 521 xa·
971 473 1018 521 va.
1038 473 1090 521 aa:
1355 482 1404 538 ως

237 626 271 696 (Ι
293 621 362 684 Vbi
378 620 463 687 fiunt
486 634 553 687 tres
575 625 921 702 commemorationes,
936 626 969 688 in
985 626 1036 689 ‚iii
1053 625 1132 688 seria
1149 624 1208 688 fiat
1222 646 1288 690 vna
1312 646 1403 690 com·

194 710 399 773 memoratio.
445 709 492 774 Et
516 720 596 774 tunc
620 712 722 774 missa
745 712 956 775 dominicalis
979 713 1126 775 Adorate
1153 712 1283 776 dicatur
1306 714 1339 776 in
1363 734 1403 779 .v.

193 793 283 871 feria,
318 816 379 878 pro
416 817 550 860 summa
587 799 696 875 missa,
735 808 769 862 et
812 800 974 863 memoria
1010 799 1134 863 ibidem
1171 800 1215 864 de
1251 801 1402 883 uirgine.l

194 880 380 946 Claudatur
407 884 549 948 alleluiu.
609 883 756 966 Quando
787 884 824 948 fit
854 886 990 968 plenum
1017 887 1194 951 seruicium
1220 888 1264 951 de
1290 888 1404 970 aliquo

192 978 310 1032 sancto
326 971 426 1034 trium
438 971 629 1050 lectionum,
637 992 741 1054 vsque
755 973 799 1036 ad
815 983 917 1056 caput
932 974 1053 1051 ieiunii,
1065 973 1124 1038 fiat
1139 993 1215 1038 cum
1231 987 1405 1053 nocturno,

192 1065 226 1118 et
242 1054 335 1120 nulla
350 1059 511 1122 memoria
526 1060 569 1122 de
585 1059 673 1124 feria

191 1165 253 1235 Jan.
267 1162 323 1235 31.]
365 1167 399 1237 (Ι
423 1161 602 1225 Dominica
617 1163 650 1224 in
667 1161 758 1238 lxx,
773 1170 847 1225 tota
861 1172 1014 1227 cantetur
1034 1163 1182 1228 historia

235 1271 269 1341 (Ι
293 1266 390 1329 Feria
405 1265 445 1329 ii.
457 1265 501 1328 de
516 1275 634 1329 saneta
649 1265 795 1347 Brigida,
810 1286 888 1329 cum
904 1277 1077 1331 nocturno.

235 1375 270 1445 (Ι
293 1369 390 1432 Feria
404 1368 455 1433 ,iit
472 1369 594 1433 festum
609 1368 860 1448 Purificationis,
872 1371 979 1434 maius
988 1370 1125 1454 duplex.
1170 1370 1228 1434 Ad
1238 1371 1402 1434 secundas

191 1476 357 1606 {ffigas'
371 1456 517 1538 hymnus
535 1455 632 1534 Quod
643 1456 757 1520 clrorus
771 1467 894 1521 vatum.
941 1457 1042 1521 Nulla
1055 1458 1216 1522 memoria
1227 1458 1270 1521 de
1285 1466 1402 1522 sancto

234 1652 268 1722 (Ι
293 1647 389 1710 Feria
418 1646 480 1711 iiii.
510 1647 553 1710 de
582 1657 701 1711 sancto
732 1646 853 1726 Blasio,
876 1668 951 1711 cum
978 1657 1151 1714 nocturno.
1207 1647 1402 1732 Capitulum

195 1732 313 1797 Omnis
321 1734 477 1816 pontifex.

234 1844 268 1914 (Ι
292 1838 388 1900 Feria
402 1860 439 1902 .v.
456 1837 499 1901 de
514 1838 600 1901 festo
615 1837 687 1901 loci.

234 1947 268 2017 (Ι
292 1942 320 2003 F
321 1942 388 2005 eria
403 1942 452 2006 .vi.
468 1942 511 2005 de
526 1952 644 2004 sancta
660 1940 819 2024 Agatha²
865 1941 1059 2026 Capitulum
1078 1941 1263 2025 Confitebor.

233 2059 267 2129 (Ι
291 2053 452 2132 sabbato,
467 2054 510 2117 de
525 2064 642 2117 sancta
658 2054 776 2130 Maria,
792 2064 826 2117 et
842 2055 1003 2118 memoria
1018 2057 1061 2119 de
1076 2055 1343 2120 confessoribus?

232 2171 267 2241 (Ι
290 2165 359 2229 Vbi
390 2166 474 2230 fiunt
504 2177 572 2231 tres
608 2167 951 2243 commemorationes,
983 2168 1015 2230 in
1048 2168 1088 2232 ,it
1119 2168 1202 2232 seria
1239 2166 1299 2232 fiat
1336 2187 1403 2232 vna

190 2255 473 2318 commemoratio.

191 2362 259 2416 Feb.
273 2358 310 2431 7.]
367 2363 401 2433 (Ι
425 2356 604 2421 Dominica
620 2357 652 2419 in
668 2356 733 2434 lx,
748 2367 820 2420 tota
835 2367 988 2421 cantetur
1003 2358 1147 2422 historia.

232 2468 266 2538 (Ι
290 2463 387 2526 Feria
402 2462 441 2525 ii
458 2462 501 2524 de
517 2460 619 2525 seria⁴
665 2460 771 2523 Missa
788 2460 891 2525 Salus
898 2462 1021 2543 populi.

233 2572 268 2642 (Ι
290 2566 388 2629 Feria
403 2566 453 2630 iii.
470 2565 513 2628 de
529 2563 614 2628 sesto
630 2563 702 2626 loci.

232 2788 266 2858 (Ι
291 2782 387 2845 Feria
402 2803 438 2845 .v.
454 2782 498 2844 de
513 2780 602 2854 seria,
618 2799 695 2843 cum
712 2779 813 2842 missa
827 2782 960 2862 quarte³
977 2779 1063 2844 serie.

232 2900 266 2970 (Ι
290 2893 318 2956 F
319 2894 388 2956 eria
403 2893 453 2957 .vi.
469 2893 512 2956 de
528 2892 616 2955 seria.
662 2891 819 2974 Epistola
834 2902 869 2955 et
884 2893 1097 2975 euangelium
1113 2892 1264 2957 eiusdem
1281 2893 1368 2958 serie.

232 3013 266 3083 (Ι
290 3005 452 3082 Sabbat0,
467 3005 510 3068 de
525 3014 644 3067 sancta
660 3004 776 3067 Maria.

232 3126 266 3196 (Ι
288 3119 357 3182 Vbi
390 3117 474 3180 fiunt
507 3127 573 3180 tres
604 3116 951 3193 commemorationes,
986 3115 1019 3178 in
1053 3116 1093 3181 ‚it
1127 3116 1209 3180 seria
1242 3115 1301 3181 liat
1334 3138 1402 3181 vna

189 3205 472 3270 commemoratio

279 3355 332 3429 ω]
366 3305 1399 3459 iuuataustrannusltin

188 3482 232 3545 de
247 3492 365 3545 sancto
379 3416 563 3546 Valgium
579 3415 732 3562 mangle.
764 3443 772 3469 ’
1118 3443 1127 3472 ⁹
1379 3437 1387 3458 ί

232 3591 266 3661 (Ι
290 3586 387 3648 Feria
401 3585 440 3649 ‚it
456 3587 499 3648 de
515 3583 600 3648 sesto
614 3584 687 3648 loci.

232 3703 266 3773 (Ι
290 3698 386 3760 Feria
400 3697 451 3762 iii.
468 3697 511 3760 de
524 3706 643 3760 sancta
658 3697 775 3772 Maria,
791 3705 825 3758 et
841 3696 1001 3759 memoria
1016 3696 1059 3759 de
1074 3706 1192 3761 sancta
1210 3698 1347 3762 Iuliana

232 3817 266 3887 (Ι
289 3812 387 3876 Feria
401 3811 463 3875 ‚iiii
480 3811 512 3872 in
529 3811 639 3891 capite
655 3809 777 3883 ieiunii,
792 3810 836 3872 de
851 3808 939 3873 seria

232 3929 266 3999 (Ι
289 3924 347 3987 Ab
377 3923 439 3986 hac
462 3923 524 3986 iiii.
548 3921 638 3997 feria,
659 3941 764 4003 vsque
786 3922 829 3984 ad
862 3930 1017 3984 octauam
1042 3921 1154 3996 Pasce,
1176 3920 1258 3984 nihil
1281 3920 1305 4004 [i
1320 3921 1399 4005 iiii]

190 4011 232 4074 de
249 4010 340 4074 lestis
356 4011 456 4074 trium
472 4009 653 4073 lectionum
670 4006 736 4084 fiat,
753 4007 815 4070 nisi
834 4016 967 4071 tanturn
993 4009 1154 4071 memoria
1175 4009 1219 4072 ad
1241 4029 1397 4092 vesperas

190 4111 223 4161 et
238 4099 281 4161 ad
298 4097 481 4161 matutinas
497 4096 594 4159 beate
612 4095 726 4158 Marie.

223 4269 237 4293 ⁹
254 4270 398 4318 Nrtmcrum
410 4283 517 4315 atereum
529 4283 553 4314 v.
567 4266 596 4315 in
607 4267 685 4313 decem
697 4265 755 4313 locr's
762 4272 811 4328 pro
825 4280 865 4312 xv.
874 4265 962 4327 posuit
972 4274 1023 4327 953
1040 4270 1065 4312 et
1080 4266 1157 4313 semel
1169 4272 1282 4327 tamum,
1294 4264 1320 4314 in
1331 4265 1365 4315 fo.
1380 4264 1399 4314 i.

188 4334 230 4399 m'j.
245 4336 336 4383 rectius
346 4334 446 4396 scripsit
459 4330 525 4381 ‘xm‘
819 4325 828 4358 ¹
846 4329 871 4378 S.
886 4331 994 4393 Agnae,
1007 4329 1124 4379 secundo.

221 4399 232 4429 ²
248 4398 281 4448 in
296 4399 433 4448 lectiones:
449 4398 505 4445 adet.
520 4397 561 4457 87,
574 4394 616 4453 88,
628 4406 668 4456 97.
817 4391 829 4424 ⁸
845 4394 891 4443 SS.
905 4393 1017 4444 vedasto
1027 4406 1052 4443 et
1063 4395 1189 4444 Amando.

222 4464 233 4494 ⁴
251 4464 322 4514 Feria
334 4463 358 4512 ii
372 4463 404 4512 de
416 4478 547 4511 commem.
561 4480 567 4509 :
586 4462 661 4509 Brea.
676 4476 701 4524 p.
715 4459 775 4509 dvii.
789 4459 880 4517 Portis.
895 4462 952 4508 Sar,
970 4472 1007 4520 19,
1020 4460 1060 4508 26.

222 4528 233 4557 ⁵
249 4528 319 4581 iit†:
336 4541 378 4591 97,
390 4541 431 4577 01.
468 4527 541 4576 Feria
552 4544 575 4576 s.
589 4526 696 4591 epistola
707 4535 732 4574 et
743 4524 899 4589 euangelium
911 4523 943 4574 de
954 4524 998 4574 iiii
1013 4524 1088 4575 seria:
1106 4525 1182 4575 Brcv.
