3330 5218
475 467 694 522 SECUNDUM
710 472 745 521 A.
780 470 858 521 xviii.
881 486 925 522 xv.
948 487 976 522 x.
999 474 1047 521 mi.
1333 482 1364 534 59

202 626 238 696 (Ι
262 621 358 685 Feria
373 622 426 685 iii.
442 623 485 686 de
499 633 617 687 sancto
631 621 826 705 Augustino
837 623 1039 707 Anglorum¹
1051 624 1214 707 apostolo,
1229 624 1364 687 inferius

159 706 308 790 duplex:
331 719 365 774 et
380 710 443 773 sub
465 709 598 773 silentio
618 708 677 773 fiat
700 712 859 774 memoria
881 713 925 776 de
946 722 1074 776 octaua
1120 713 1177 775 Ad
1201 711 1363 774 secundas

158 815 325 878 vesperas,
356 798 518 860 memoria
553 797 597 859 de
633 806 750 861 sancta
788 797 895 860 Maria
931 798 1144 861 solenniter²z
1180 798 1365 880 antiphona

160 879 234 1032 3²?
248 885 593 1032 tolcamprotectuonem:
616 894 650 947 et
673 886 716 949 de
739 893 857 948 sancta
881 884 1085 962 ⁸Petronilla,
1104 895 1138 948 et
1158 887 1201 949 de
1223 885 1364 948 octauis³

156 989 196 1031 su
235 970 265 1033 si
279 971 378 1034 entio.

201 1096 237 1166 (Ι
261 1091 357 1155 Feria
379 1091 456 1154 iiii*
480 1088 525 1176 [b.
556 1090 633 1175 viii]
664 1093 801 1175 plenum
832 1093 1004 1158 seruitium
1027 1094 1071 1157 de
1093 1102 1209 1157 sancta
1233 1093 1365 1156 Maria.

157 1179 319 1242 memoria
333 1179 376 1242 de
391 1179 531 1263 virgine⁸
545 1189 579 1242 et
595 1179 638 1242 de
652 1180 789 1243 octauis.

202 1304 237 1375 (Ι
260 1298 356 1361 Feria
371 1320 408 1363 .v.
425 1300 468 1362 de
484 1299 570 1363 sesto
587 1297 743 1382 Corporis
759 1298 892 1376 Christi,
914 1299 1020 1363 maius
1043 1300 1192 1382 duplex:
1216 1299 1297 1362 nihil
1321 1300 1363 1362 de

159 1383 287 1449 Sancto
304 1385 520 1449 Nichomede
561 1385 616 1448 Ad
629 1387 792 1449 secundas
801 1406 966 1469 vesperas,
978 1386 1162 1469 antiphona
1173 1386 1363 1469 Sapientia.

157 1471 307 1554 psalmus
337 1472 439 1535 Dicit
465 1472 638 1550 Dominus,
668 1483 703 1536 et
740 1473 840 1536 ceteri
878 1473 997 1555 psalmi
1035 1477 1121 1537 sicut
1156 1477 1200 1537 ad
1239 1474 1362 1556 primas

157 1579 322 1642 vesperas.
368 1559 527 1641 Hymnus
552 1558 668 1622 Sacris
691 1560 853 1636 solenniis,
877 1560 1056 1624 versiculus
1079 1561 1207 1624 Panem
1229 1561 1269 1623 de
1291 1562 1361 1623 ca‘o.

160 1645 222 1708 Isti
236 1645 367 1729 psalmi,
383 1646 537 1728 hymnus,
552 1656 585 1709 et
601 1646 779 1710 versiculus
803 1667 862 1729 per
885 1645 1013 1723 totuml
1027 1656 1181 1712 octauam
1198 1648 1362 1724 dicuntur,

155 1733 202 1796 ad
232 1753 396 1815 vesperas,
421 1735 558 1815 quando
580 1733 623 1796 de
648 1743 769 1797 octaua
793 1734 831 1797 fit
856 1734 1041 1797 seruicium.
1087 1734 1256 1817 Quotidie,
1278 1734 1363 1796 inira

156 1829 297 1883 octauas
312 1830 346 1883 et
362 1821 395 1884 in
411 1831 532 1883 octaua
547 1820 601 1883 die
616 1819 750 1884 “dicitur
765 1822 947 1902 sequentia,
961 1821 1041 1884 Ecca
1048 1823 1152 1902 panas
1165 1822 1362 1903 angelorum.

152 1903 300 1989 'thuel
314 1927 414 1990 supra
429 1908 462 1970 in
478 1907 510 1969 Α
528 1909 659 1989 primo⁸

201 2032 235 2101 (Ι
258 2026 355 2090 Feria
377 2028 426 2090 .vi.
449 2029 492 2092 de
514 2027 642 2090 octauis
658 2076 666 2090 .
680 2037 715 2090 et
745 2027 905 2090 memoria
933 2029 977 2092 de
1000 2039 1118 2091 sancto
1146 2026 1362 2089 Marcellino:

154 2114 341 2196 antiphone
356 2115 399 2177 de
413 2115 542 2177 octauis
558 2113 682 2178 Sancte
702 2113 885 2178 Trinitatis.

201 2236 235 2305 (Ι
258 2229 418 2308 Sabbato,
432 2231 475 2294 de
490 2231 637 2294 octauis:
659 2230 839 2294 versiculus
855 2238 889 2294 et
914 2230 1139 2313 Responsoria
1154 2230 1197 2292 de
1215 2232 1363 2293 secundo

155 2327 332 2394 nocturno,
353 2327 388 2380 et
410 2318 571 2381 memoria
601 2318 643 2381 de
672 2317 801 2380 octauis
831 2318 1014 2382 Trinitatis.
1060 2317 1118 2381 Ad
1142 2337 1297 2400 vesperas
1319 2317 1363 2379 de

154 2405 287 2467 octauis
309 2404 483 2467 inchoetur
504 2405 641 2467 historia
655 2403 748 2467 Deus
767 2405 923 2481 omnium,
945 2424 1022 2467 cum
1046 2406 1215 2482 memoria,
1237 2404 1362 2467 scilicet

153 2491 301 2572 Loquere
314 2490 473 2554 Domina:
495 2501 530 2553 et
553 2492 714 2555 memoria
736 2491 779 2554 de
802 2490 928 2555 Sancta
950 2491 1117 2555 Trinitate
1138 2502 1173 2554 et
1195 2493 1363 2575 processio

154 2588 236 2643 ante
251 2580 405 2641 crucem.⁹

157 2869 339 2948 dominica,
375 2880 409 2934 et
448 2871 491 2933 de
533 2872 706 2936 Trinitate.
774 2872 815 2935 ln
861 2870 1014 2934 laudibus
1058 2834 1125 2934 vna
1170 2873 1364 2953 antiphona

159 2956 268 3019 Missa
305 2958 514 3021 dominicalis
552 2959 585 3020 in
624 2958 772 3040 capitulo
816 2958 972 3034 dicitur,¹⁰
1008 2978 1085 3021 cum
1123 2961 1285 3022 memoria
1321 2961 1364 3021 de

157 3043 333 3107 Trinitate.
380 3045 421 3107 In
444 3064 575 3108 summa
599 3046 700 3108 missa
723 3044 815 3107 nulla
837 3044 900 3108 fit1¹
924 3046 1093 3108 memoria.
1149 3045 1206 3109 Ad
1222 3047 1364 3129 primam

155 3130 305 3194 dicitur¹⁰
319 3132 503 3214 antiphona
524 3132 568 3195 Ta
582 3132 660 3194 iure.

203 3252 237 3321 (Ι
260 3245 358 3311 Feria
372 3247 412 3311 .ii.
437 3248 481 3311 de
506 3248 654 3312 octauis:
676 3247 857 3311 versiculus
881 3257 915 3312 et
941 3248 1168 3331 Responsoria
1191 3249 1234 3311 de
1257 3249 1366 3330 primo

159 3346 334 3411 nocturn0,
348 3345 383 3400 et
398 3336 560 3398 memoria
575 3335 617 3397 de
632 3344 749 3399 sancto
765 3334 944 3398 Bonisacio

203 3452 237 3521 (Ι
260 3447 357 3510 Feria
371 3447 423 3510 iii
439 3449 482 3511 de
497 3448 633 3510 octauis.
679 3448 906 3529 Responsoria
920 3448 964 3511 de
977 3448 1127 3511 secundo
1142 3457 1312 3511 nocturno.

161 3663 334 3717 nocturno.
396 3654 453 3717 Ad
484 3674 640 3736 vesperas
678 3655 862 3736 antiphona
893 3653 1058 3733 Sacerdos,
1088 3654 1237 3737 psalmus
1266 3655 1368 3718 Dixit

160 3738 335 3817 Dominus,
351 3750 385 3804 et
400 3743 499 3805 ceteri
515 3741 645 3823 psalmi,
661 3751 696 3804 vt
711 3742 755 3805 ad
771 3742 895 3824 primas
910 3762 1072 3824 vesperas.
1118 3741 1237 3806 Cetera
1252 3743 1366 3805 omnia

194 3984 203 4017 1
376 4006 382 4018 .
832 3987 845 4018 a
950 3989 956 4000 ·
1005 4007 1012 4020 .

194 3988 551 4127 &masticantur
561 4053 606 4104 seu
616 4054 649 4105 ae
660 4052 773 4106 mauu:
791 4053 833 4115 8⁷.
845 3990 1012 4104 sfflmm'
1029 4004 1076 4039 Μ’
1090 3987 1132 4052 ⁸⁷⁹
1144 3988 1184 4040 88'

195 4114 313 4167 ⁴uu.de
323 4118 402 4169 feria:
419 4130 460 4181 97,
473 4132 513 4169 οι.
833 4117 887 4170 ⁶S.
904 4119 1047 4169 Petronilla.

195 4179 314 4232 ‘dicitur
334 4185 464 4249 sequentia
491 4186 554 4234 Ecca
578 4185 656 4260 ponas
683 4185 836 4259 amamini,
868 4185 1004 4261 secundum
1032 4199 1102 4234 usum
1133 4184 1294 4243 Romanum
1321 4183 1366 4235 sed

161 4247 969 4380 multumne·
984 4266 1001 4299 ¹·
1015 4265 1099 4299 ”¹¹¹¹-

197 4374 208 4407 ⁰
224 4386 249 4427 et
263 4387 316 4428 tota
326 4388 439 4429 cantetur
450 4381 561 4445 hystoria
572 4380 652 4429 indie
669 4379 756 4431 Sancti
767 4378 913 4446 Apolinaris
924 4390 949 4429 et
960 4388 1058 4429 tantum
1074 4379 1196 4429 memorio
1211 4380 1244 4429 de
1260 4388 1366 4430 sancto:

158 4442 218 4492 ada
232 4453 280 4505 973
299 4459 399 4494 crucem
412 4454 538 4496 oleata:
555 4446 611 4496 aaa
622 4458 664 4495 ot.

194 4505 216 4538 ¹⁰
231 4508 345 4561 diam:
362 4508 402 4561 88.
837 4507 856 4540 ¹¹
874 4510 917 4559 fit:
934 4527 982 4561 anu.
996 4509 1036 4570 87,
1049 4508 1090 4559 88.
