3316 5220
269 385 319 452 306
598 385 873 437 DIRECTORIUM
901 386 944 434 SA
951 386 1168 438 CERDOTUM.

270 539 348 603 Non
359 540 502 603 dicatur1
515 539 627 619 (Deus,
643 538 867 620 quilwdierna
877 538 944 620 die)
953 538 1012 601 sed
1026 538 1124 615 Deus,
1135 540 1260 622 quiper
1269 540 1491 623 vrrrpem'tum.

271 626 365 691 Nihil
382 629 424 690 de
440 637 558 690 sancto
576 627 740 709 Alphego.

312 752 347 822 (I
371 747 468 811 Feria
490 747 530 810 .ii.
552 747 596 809 de
618 746 706 810 seria.
753 746 1016 828 Responsorium
1040 746 1174 828 Dignus
1195 768 1236 825 es,
1251 766 1327 809 cum
1350 748 1492 811 duobus

273 834 498 916 sequentibus.
545 834 663 896 Missa²
679 832 900 896 dominicalis.

313 960 348 1030 ([
372 954 469 1018 Feria
483 955 535 1018 .iii.
551 954 594 1017 de
610 954 696 1018 festo
711 953 784 1018 loci.

314 1199 348 1270 11
372 1193 469 1257 Feria
484 1215 522 1257 .v.
537 1194 581 1257 de
597 1203 715 1257 sancto
732 1192 898 1275 Georgioz
922 1192 1032 1256 minus
1046 1193 1182 1276 duplex.

314 1320 348 1391 11
372 1314 468 1377 Feria
491 1314 541 1378 .vi.
564 1313 607 1376 de
629 1313 719 1378 seria.
746 1292 993 1396 ¹Responsoria
1011 1312 1153 1377 Locutus
1172 1323 1226 1377 est.
1273 1314 1430 1397 Epistola
1451 1326 1492 1379 et‘

269 1401 482 1484 euangelium
499 1400 587 1464 illius
599 1400 685 1464 ferie.

314 1527 349 1597 (l
372 1520 532 1597 Sabbato,
547 1522 590 1584 de
605 1530 722 1584 sancto
747 1521 873 1596 Marco,
893 1520 1033 1583 Inferius
1048 1520 1186 1603 duplex.
1231 1520 1300 1584 Vbi
1317 1521 1401 1586 hunt
1417 1532 1492 1586 tres

272 1610 620 1686 commemorationes,
643 1609 675 1671 in
700 1608 750 1671 .vi.
774 1607 856 1671 seria
879 1609 941 1671 erit
959 1608 1237 1671 commemoratio
1253 1608 1351 1673 beate
1369 1610 1497 1673 Marie..

274 1694 331 1759 Ad
347 1715 502 1844 vespepias
518 1697 624 1819 {ancti
642 1695 748 1758 Marci
766 1693 824 1758 fiat
839 1694 986 1758 solennis
1002 1696 1164 1758 memoria
1179 1696 1222 1758 de
1236 1697 1428 1761 dominica:
1452 1708 1489 1760 et

273 1801 441 1866 processio
476 1791 520 1846 at.

272 1954 340 2023 Apr.
354 1949 410 2022 26]
448 1906 495 1978 Ἢ
518 1902 698 2003 Dominica
720 1902 760 1965 ,it
776 1912 854 2002 post
886 1901 1023 1966 Pascha.
1069 1902 1195 1967 Totum
1226 1905 1270 1967 de
1291 1904 1467 2006 dominica
1481 1929 1498 1968 ε’

449 1999 587 2053 tercium
604 1990 867 2072 Responsonum
884 2009 904 2052 a
919 1990 1051 2053 duobus
1068 2000 1229 2054 cantetur.
1272 1991 1310 2054 ln
1327 1991 1499 2055 laudibus·

270 2095 336 2138 vna
351 2075 546 2159 antiphona.

311 2196 468 2344 l(JFeria
483 2197 522 2260 ji.
539 2196 582 2260 de
605 2196 693 2260 seria.
739 2196 967 2279 Responsoria
981 2196 1117 2279 Dignus
1130 2218 1170 2260 es.
1217 2197 1323 2261 Missa
1337 2199 1498 2262 domini·-

269 2303 308 2345 ca
322 2303 358 2346 rs.

289 2401 468 2550 h‘l.F⁸¹i³
497 2403 550 2467 iii.
580 2405 624 2467 de
646 2412 764 2466 sancto
787 2402 920 2466 Vitale:
950 2412 1017 2466 tres
1042 2402 1212 2480 lectiones,
1227 2424 1303 2467 cum
1321 2405 1499 2487 regimine.

268 2510 287 2552 c
312 2509 371 2553 on.

313 2615 348 2685 (l
372 2609 469 2673 Feria
484 2610 547 2674 iiii.
563 2610 605 2674 de
621 2610 708 2673 seria
755 2610 984 2693 Responsoria
999 2609 1140 2674 Locutus
1154 2620 1209 2675 est.

311 2735 346 2805 ([
369 2730 516 2795 Feria.v.
531 2730 574 2795 de
589 2730 675 2795 sesto
690 2730 762 2795 loci.

313 2856 348 2926 (I
371 2850 468 2913 Feria
490 2851 540 2914 .vi.
564 2852 607 2914 de
632 2850 815 2933 apostolis.⁶
874 2849 1015 2914 Inferius
1038 2851 1176 2935 duplex.
1233 2851 1292 2914 Ad
1316 2853 1499 2918 secundas·
1609 2894 1610 2909 .

269 2957 434 3020 vesperas,
450 2937 635 3021 antiphona
653 2938 723 3001 Sub
738 2947 831 3001 tuam
847 2938 1034 3002 solenniter.

314 3063 349 3133 (Ι
372 3055 533 3136 Sabbato,
549 3057 592 3121 de
607 3069 724 3122 sancta
741 3058 859 3131 Maria,
875 3067 909 3122 et
926 3059 1086 3122 memoria
1101 3060 1144 3121 de
1160 3058 1410 3126 resurrectione.

272 3265 593 3329 commmemoratio
655 3265 701 3328 Et
724 3274 804 3329 tunc
828 3266 861 3328 in
885 3267 925 3328 .ii.
957 3265 1038 3328 feria
1060 3265 1194 3328 dicitur⁶
1217 3266 1489 3348 Responsorium

272 3352 422 3415 Locutus.
468 3351 525 3415 Ad
541 3372 706 3434 vesperas,
721 3353 882 3416 memoria
903 3352 946 3415 de
962 3352 1186 3435 martyribus,⁷
1201 3363 1236 3416 et
1250 3354 1293 3416 de
1307 3354 1500 3433 dominica..

273 3439 475 3503 solenniter:
498 3449 532 3502 et
548 3439 716 3522 processio
732 3439 801 3517 fiat,
814 3460 890 3502 cum
906 3439 1093 3522 antiphona
1111 3439 1237 3505 Ocrux
1242 3440 1397 3523 glareosa.

307 3722 316 3754 ¹
333 3723 439 3774 dicitur:
457 3720 497 3772 88.
892 3718 903 3750 '·'
919 3731 945 3772 et
956 3721 1034 3786 before
1044 3722 1136 3772 missa:
1155 3721 1196 3784 87,
1209 3722 1249 3772 88.

304 3787 317 3822 ⁸
333 3789 394 3839 fiat:
411 3805 459 3839 om.
473 3787 514 3849 87,
527 3787 568 3839 88.

308 3854 389 3917 '⁴‘OE
405 3854 539 3903 Dominica
550 3854 576 3919 ij.
590 3852 621 3903 de
633 3852 720 3902 Cruce.
756 3851 798 3901 Ad
807 3852 825 3916 j.
837 3867 952 3916 vesperas
964 3852 1018 3912 [fiat
1028 3852 1150 3914 solennis]
1161 3852 1282 3903 memoria
1292 3853 1325 3904 de
1336 3853 1498 3919 martyribus-
1605 3876 1606 3903 l

407 3920 440 3968 de
451 3918 577 3969 dominica
588 3927 613 3967 et
625 3917 757 3984 processio.
794 3918 882 3978 [Nulla
894 3917 937 3966 fiat
948 3917 1068 3968 memoria
1079 3918 1104 3966 in
1116 3918 1176 3979 hac]
1186 3918 1228 3968 die
1238 3918 1271 3968 de
1282 3920 1475 3970 resurreccione.

342 3984 416 4036 Ferie
426 4002 450 4034 v.
464 3984 507 4045 [de
518 3992 605 4034 sancto
617 3984 730 4032 Iohanne
743 3983 897 4044 Beuer]laco.
908 3999 964 4032 cum
976 3982 1095 4048 regimine
1106 3983 1194 4034 chori.
1209 3983 1390 4045 [decommum
1402 3985 1498 4048 onius}

407 4049 555 4100 confessoris
566 4057 591 4098 el
602 4048 735 4114 pontificis.

342 4114 416 4165 Feria
425 4115 450 4180 ij.
465 4124 491 4165 et
501 4115 534 4180 vj.
547 4114 580 4164 de
591 4113 652 4163 feria
663 4150 670 4163 .
681 4112 838 4178 responsoria
848 4113 880 4162 de
892 4111 917 4189 ij.
931 4123 957 4162 et
968 4112 1011 4178 iiij.
1025 4112 1102 4176 serijs.

342 4181 416 4231 Feria
426 4181 461 4246 iij.
476 4188 500 4230 el
511 4180 617 4230 sabbato
628 4179 660 4229 de
671 4178 958 4229 commemoraciombos.

341 4246 370 4298 Si
381 4246 472 4296 fuerint
483 4245 517 4311 iij.
531 4244 785 4295 commemoraciones
801 4244 826 4292 in
838 4244 886 4293 hec
897 4243 1038 4293 ebdomada
1055 4243 1132 4293 nichil
1150 4245 1193 4295 fiet
1208 4246 1242 4295 de
1254 4244 1289 4311 iij.
1304 4261 1494 4296 commemora»
1603 4252 1604 4261 ¹

406 4310 486 4361 cione.
523 4311 556 4360 El
567 4320 626 4359 tunc
637 4310 663 4359 in
674 4309 700 4374 ij.
714 4309 776 4360 feria
787 4309 901 4359 dicantur
912 4309 1069 4374 responsoria
1079 4309 1112 4359 de
1123 4310 1158 4376 iij.
1172 4309 1260 4361 lerie.'’
1294 4321 1333 4372 77.

307 4375 319 4405 θ
335 4375 382 4428 SS.
396 4376 514 4442 Philippo
524 4386 550 4425 et
563 4375 663 4424 Iacobo.
894 4371 905 4404 ⁰
920 4374 1052 4424 dicantur:
1070 4373 1110 4425 88.

306 4443 317 4475 ⁷
333 4443 381 4494 SS.
394 4441 548 4501 Alexandro,
563 4440 669 4491 Eventio
680 4451 705 4490 et
716 4438 866 4490 Theodulio.
