3326 5208
684 471 848 521 sexsus!
866 470 899 518 o.
1357 467 1401 529 187

236 631 269 700 (Ι
294 624 391 687 Feria
406 646 443 686 .v.
459 624 503 686 de
518 634 636 687 sancto
660 624 818 706 Hugone,
833 625 878 686 ix.
894 623 1062 687 lectiones.
1108 622 1221 685 Medie
1244 621 1404 685 lectiones

192 712 237 775 de
252 723 370 774 sancto
387 711 543 774 Amano}
590 711 755 773 Memoria
769 713 812 774 de
830 711 967 773 octauis

237 823 359 899 (lVbi
391 822 512 885 festum
539 823 646 885 sancti
680 823 836 904 Hugonis
865 833 917 885 est
947 821 1085 905 duplex,
1116 822 1212 885 Tunc
1244 822 1403 883 memorie

192 912 236 973 de
252 920 369 972 sancto
386 906 534 972 Amano¹
548 919 583 972 et
598 911 640 972 de
656 911 785 973 octauis
801 919 898 972 erunt
912 910 975 972 sub
991 909 1132 972 silentio,

236 1027 270 1097 «Ι
294 1023 391 1085 Feria
405 1022 457 1085 .vi.
473 1023 515 1084 de
530 1033 651 1084 octaua
666 1023 773 1085 sancti
791 1022 937 1098 Martini,
952 1032 1020 1085 tres
1035 1022 1203 1084 lectiones,

237 1139 271 1209 (I
294 1133 445 1199 Sabbato
457 1134 500 1197 de
511 1143 628 1198 sancta
641 1134 758 1197 Maria.
803 1133 871 1197 Vbi
884 1132 968 1197 fiunt
980 1144 1047 1197 tres
1058 1134 1404 1208 commemorationes,

194 1222 226 1283 in
243 1221 293 1284 .vi.
310 1222 389 1284 feria
406 1221 465 1285 fiat
480 1241 546 1285 vna
561 1222 845 1284 commemoratio.
892 1221 938 1283 Et
955 1222 1218 1304 Responsorium
1237 1220 1403 1284 Obeatum

193 1310 465 1390 pretermittatur.
511 1308 567 1371 Ad
584 1328 738 1389 vesperas
754 1308 939 1390 antiphona
953 1309 1077 1371 Beatus
1098 1309 1162 1370 vir.
1209 1307 1403 1391 Capitulum

193 1395 260 1458 Iste
274 1406 411 1458 sanctus.
459 1397 721 1477 Responsorium
738 1395 974 1477 Percepturus:
991 1398 1151 1458 memoria
1166 1396 1209 1459 de
1225 1395 1405 1469 dominica,

191 1482 235 1544 de
251 1483 425 1559 Trinitate,
440 1493 475 1544 et
490 1483 658 1565 processio
673 1481 753 1545 fiat?

370 1599 404 1669 «Ι
428 1594 607 1657 Dominica
627 1594 691 1656 iiii.
716 1595 759 1656 de
783 1604 901 1657 sancto
936 1594 1129 1672 Edmundo,
1152 1595 1197 1657 ix.
1222 1594 1402 1657 lectiones.

371 1682 533 1743 memoria
548 1683 591 1743 de
605 1681 775 1744 dominica
797 1730 805 1743 .
828 1681 1013 1763 antiphona
1032 1682 1114 1747 Cum
1129 1681 1335 1744 subleuasset.

236 1797 270 1866 (I
294 1793 391 1855 Feria
406 1794 446 1855 .ii.
461 1794 505 1856 de
520 1793 605 1857 sesto
620 1792 694 1857 loci.

236 1910 269 1979 (I
294 1905 391 1967 Feria
406 1906 457 1967 iii.
474 1905 516 1968 de
530 1915 648 1968 sancta
664 1904 797 1981 Cecilia,
813 1907 856 1968 ix.
873 1906 1040 1969 lectiones,

235 2022 268 2091 (I
293 2017 390 2079 Feria
415 2017 493 2079 .iiii.³
515 2018 558 2080 de
581 2027 699 2081 sancto
724 2017 908 2095 Clemente,
931 2019 976 2081 ix.
994 2018 1161 2082 lectiones.
1208 2018 1403 2102 Capitulum

192 2100 314 2167 ¹Onmis
320 2105 476 2184 pontifex.

236 2221 270 2290 (I
294 2216 392 2278 Feria
414 2238 451 2279 .v.
475 2217 517 2280 de
541 2227 659 2279 sancto
682 2217 880 2299 Grisogono,
907 2218 1141 2281 lnuitatorium
1167 2218 1323 2301 simplex,
1338 2228 1405 2281 tres

194 2301 361 2365 lectiones.
419 2303 645 2385 Responsoria
671 2306 714 2367 de
738 2306 900 2367 secundo⁴
927 2315 1091 2367 nocturno
1118 2306 1215 2367 vuius
1241 2307 1405 2387 martyris,

192 2411 270 2452 cum
284 2389 515 2472 Responsorio
530 2391 753 2473 Percepturus.
797 2392 917 2454 lMissa
932 2394 995 2455 erit
1010 2392 1053 2454 de
1068 2391 1261 2454 dominica.⁵

238 2507 272 2577 1Ι
296 2502 393 2564 Feria
408 2503 457 2565 .vi.
473 2502 516 2564 de
531 2514 648 2565 sancta
665 2503 860 2566 Katherina
906 2503 1100 2586 Capitulum
1119 2503 1304 2587 Confinbor.

237 2612 456 2689 {Sabbato
482 2614 525 2676 de
548 2625 665 2677 sancta
691 2615 809 2691 Maria,
838 2625 872 2678 et
904 2617 1064 2678 memoria
1091 2616 1134 2678 de
1159 2625 1279 2679 sancto
1311 2617 1405 2679 Lino.

194 2700 252 2849 &qd
285 2701 421 2869 m}pam
448 2701 488 2763 K
478 2701 554 2780 yrie
579 2700 795 2782 Omm'potens,
819 2702 968 2782 Spiritus
996 2712 1028 2765 et
1041 2703 1136 2780 olme,
1158 2713 1192 2766 et
1214 2702 1407 2766 Benedictus

238 2808 309 2850 arie
362 2808 422 2849 tus.

236 2906 270 2975 (I
291 2899 359 2962 Vbi
375 2898 460 2962 fiunt
480 2909 547 2962 tres
563 2903 909 2975 commemorationes,
926 2901 957 2963 in
975 2922 1012 2964 .v.
1041 2901 1122 2964 leria
1145 2900 1203 2965 fiat
1226 2922 1292 2966 vna
1315 2922 1407 2965 com-

195 2986 404 3049 memoratio.
450 2987 496 3050 Et
519 2990 612 3050 tunc⁶
636 2989 737 3051 missa
760 2988 969 3052 dominicalis
994 2990 1027 3051 in
1052 2989 1201 3071 capitulo
1225 2990 1357 3052 dicitur⁷
1373 2990 1406 3051 in

192 3074 371 3136 dominica.

370 3190 404 3260 «Ι
426 3185 557 3248 Littera
572 3186 794 3250 dominicalis⁸
815 3187 853 3261 B,
870 3187 989 3268 quinto
1012 3186 1174 3251 kalendas
1199 3188 1406 3263 Decembris,

370 3282 444 3334 tota
459 3282 613 3336 cantetur
628 3274 767 3337 historia
782 3274 992 3357 (Aspiciens).

188 3389 191 3394 '
237 3388 271 3457 (I
296 3383 324 3445 F
326 3384 393 3446 eria
407 3385 446 3446 ii.
464 3384 507 3447 de
523 3385 609 3448 sesto
624 3384 697 3448 loci.

237 3500 271 3569 (I
296 3495 453 3559 Feriaiii.
466 3497 508 3559 de
519 3496 607 3561 seria
654 3496 1061 3580 Nihil⁹demartyribus¹⁰
1092 3498 1198 3562 Missa
1214 3500 1256 3562 de
1268 3499 1407 3581 vigilia¹¹

193 3582 301 3644 sancti
319 3582 463 3646 Andree.

236 3697 271 3768 4Ι
295 3694 392 3756 Feria
415 3695 480 3758 iiii.
505 3695 549 3758 de
581 3706 698 3758 sancto
723 3696 871 3770 Andrea,
898 3697 1040 3760 Inferius
1070 3697 1221 3780 duplex:
1259 3698 1407 3761 solennis

190 3781 355 3863 memoria
370 3783 413 3844 ‹le
429 3782 601 3857 Aduentu,
617 3793 652 3845 et
667 3784 711 3846 de
725 3795 843 3847 sancta
860 3784 976 3847 Maria

237 3898 271 3967 (I
295 3892 392 3956 Feria
406 3914 445 3956 .v.
460 3895 504 3957 de
520 3893 609 3968 seria,
624 3916 701 3958 cum
718 3896 820 3959 missa
837 3907 956 3979 quarte
971 3897 1058 3960 ferie.

195 1645 268 1697 Nov.
282 1641 338 1713 aot]

194 3236 221 3288 N
224 3253 268 3288 ov.
283 3232 338 3305 27.]

227 4132 236 4164 ¹
254 4134 355 4185 Attiano
368 4155 375 4187 ε
393 4136 435 4198 87,
447 4136 487 4186 88.
524 4138 572 4188 See
583 4138 685 4203 Deseris.
699 4141 795 4189 Dircct.
809 4143 823 4200 ἐ
834 4140 875 4200 26,
888 4157 913 4206 p.
930 4154 967 4191 11.

225 4198 238 4228 ²
254 4201 334 4251 Missa
345 4201 506 4253 dominicalis
516 4204 607 4254 dicitur
618 4205 645 4257 in
656 4205 784 4270 capitulo:
801 4207 858 4256 add.
872 4219 914 4268 97,
926 4220 967 4256 οι.

224 4265 287 4365 ζ-ιίὲ
299 4285 307 4316 2
324 4265 364 4329 87.
857 4270 869 4366 2
885 4273 978 4368 tercio:
996 4270 1038 4333 87,
1050 4270 1092 4331 88,
1104 4282 1146 4333 97,
1158 4285 1200 4322 ot.

225 4344 451 4449 788033783οῨ
860 4346 1163 4463 ῡῗέἑῖῃῖἔίῑῗΤὲῖιὲε.

225 4458 236 4489 ⁹
252 4470 278 4510 et
288 4463 365 4527 before
376 4462 471 4514 nichil:
489 4463 531 4524 87,
543 4464 584 4514 88.
860 4464 880 4496 ¹⁰
897 4468 943 4518 SS.
958 4467 1095 4519 Saturnino
1106 4478 1131 4517 et
1143 4466 1262 4518 Sisiunio.

226 4523 245 4555 ¹¹
262 4528 381 4593 Apostoli
394 4547 402 4578 ε
418 4531 475 4578 arbi.
489 4529 531 4592 87,
544 4529 584 4580 88.
