3316 5220
284 496 334 547 290
611 482 732 533 DIREC
735 484 761 533 T
759 482 888 533 ORIUM
916 480 1182 533 sAcsuoomu.

329 642 363 712 (Ι
387 635 484 699 Feria
498 658 536 700 .v.
552 636 595 699 de
610 634 696 699 sesto
712 635 783 699 loci

329 753 363 823 (Ι
387 748 485 811 Feria
514 747 563 812 .vi.
587 748 631 811 de
659 757 777 811 sancta
801 746 942 823 Batilde,
971 744 1206 810 Inuitatorium
1230 743 1399 825 simplex:
1430 752 1502 806 tres

287 835 447 900 lectiones
462 836 505 899 de
520 835 699 912 communi,
715 855 793 898 cum
810 834 1037 918 Responsorio
1051 832 1204 915 Regrmm
1218 831 1344 894 mundi.

329 965 365 1036 ΙΙ
388 956 549 1035 Sabbat0,
573 958 616 1021 de
642 968 760 1024 sancta
785 958 902 1023 Maria
950 958 989 1021 ln
1014 956 1128 1020 missa¹
1152 952 1258 1037 Kyrie
1276 954 1503 1036 omnipotens:

290 1045 446 1128 Spiritus,
460 1054 492 1109 et
504 1046 591 1109 alme
599 1069 612 1109 .·
634 1055 669 1109 et
682 1044 875 1109 Benedictus
888 1043 1114 1127 Mariefilius.

330 1176 365 1246 ([
387 1169 455 1234 Vbi
479 1167 563 1233 fiunt
585 1179 652 1233 tres
675 1168 1021 1244 commemorationes,
1037 1166 1070 1231 in
1093 1166 1132 1231 ii.
1155 1166 1236 1230 seria
1251 1164 1311 1229 fiat
1325 1185 1392 1229 vna
1406 1183 1503 1228 com·

289 1258 497 1334 memoratio,
512 1266 548 1321 et
562 1269 642 1320 tunc
658 1257 760 1320 missa
778 1256 896 1321 Omnis
910 1265 1000 1319 terra
1014 1264 1167 1318 cantetur
1187 1255 1220 1317 in
1243 1253 1309 1317 iiii.
1333 1251 1414 1315 seria
1438 1270 1504 1333 pro

288 1364 420 1447 summa
436 1343 544 1407 missa.
592 1344 638 1406 Et
654 1344 756 1407 missa
764 1342 912 1407 Adorate
920 1352 1075 1406 cantetur
1085 1341 1119 1404 in
1131 1342 1180 1405 .vi.
1191 1340 1281 1418 seria,
1293 1359 1355 1424 pro
1362 1357 1502 1402 summa

288 1451 397 1496 missa

331 1550 366 1620 ([
388 1541 514 1607 Omnia
529 1541 615 1606 festa
635 1541 735 1605 trium
758 1541 938 1606 lectionum
954 1561 1059 1624 vsque
1081 1540 1250 1623 adlcaput
1273 1537 1386 1603 ieiunii
1412 1535 1505 1602 cele·

289 1632 427 1694 brentur
441 1649 518 1694 cum
534 1638 707 1707 nocturno,
722 1638 757 1692 et
771 1639 852 1693 tunc
868 1628 960 1692 nulla
975 1629 1137 1692 memoria
1152 1628 1214 1691 erit
1229 1627 1272 1690 de
1288 1624 1377 1689 seria

464 1760 500 1831 ἦ
522 1753 701 1817 Dominica
716 1753 750 1816 in
765 1751 857 1829 lxx,
873 1762 946 1817 tota
960 1761 1113 1817 cantetur
1126 1750 1275 1828 historia,
1286 1760 1320 1813 et
1336 1747 1503 1812 memoria

290 1806 358 1861 Feb.
374 1802 409 1876 ¹']
465 1841 509 1905 de
538 1849 655 1904 sancta
692 1840 829 1923 Brigida
858 1849 998 1904 tantum.
1055 1838 1112 1902 Ad
1147 1858 1312 1921 vesperas,
1350 1836 1503 1900 solennis

289 1927 450 1991 memoria
465 1928 509 1992 de
523 1926 699 1992 dominica

331 2045 365 2115 (Ι
388 2039 486 2102 Feria
501 2038 550 2116 .ii.,
566 2038 686 2103 festum
705 2037 946 2102 Purificationis
968 2038 1094 2101 Marie:
1118 2037 1242 2100 minus²
1256 2035 1393 2119 duplex.
1441 2033 1502 2097 Ad

287 2135 445 2209 utrasque
467 2146 631 2208 vesperas,
654 2126 801 2209 hymnus
831 2124 929 2204 Quod
947 2124 1068 2189 chorus.
1116 2123 1231 2187 Nulla³
1254 2121 1313 2187 fiat
1336 2121 1505 2185 memoria

287 2214 331 2276 de
345 2222 463 2277 sancto
478 2212 598 2276 Blasio.

331 2330 366 2400 (l
388 2325 486 2389 Feria
509 2324 560 2390 iii.
585 2325 628 2388 de
659 2334 777 2390 sancto
808 2323 929 2401 Blasio,
960 2343 1036 2386 cum
1075 2333 1246 2387 nocturno.
1301 2320 1502 2403 Capitulum

290 2410 407 2476 Omnis
413 2412 570 2494 ponttfix.

328 2529 364 2600 ΙΙ
387 2523 485 2587 Feria
499 2524 560 2588 iiii.
577 2524 620 2587 de
636 2523 721 2588 sesto
737 2522 808 2588 loci

330 2642 365 2712 ([
388 2637 485 2700 Feria
514 2659 552 2702 .v.
582 2636 625 2700 de
651 2645 768 2700 sancta
798 2634 955 2718 Agatha:
994 2634 1038 2697 ix.
1070 2632 1247 2697 lectiones:
1301 2630 1502 2714 Capitulum

291 2721 476 2807 Confitcbor.

331 2841 365 2911 (Ι
389 2834 486 2899 Feria
500 2835 550 2899 .vi.
565 2836 608 2899 de
624 2831 890 2909 consessoribus,⁴
906 2852 982 2895 cum
998 2841 1169 2896 nocturno.

332 2952 368 3023 ΕΙ
391 2946 551 3026 Sabbat0,
566 2947 608 3012 de
623 2956 741 3010 sancta
757 2945 873 3009 Maria

333 3064 369 3135 11
390 3058 459 3122 Vbi
489 3056 574 3124 fiunt
607 3069 673 3123 tres
704 3056 1050 3132 commemorationes,
1081 3055 1120 3118 In
1151 3055 1200 3120 .vi.
1232 3054 1313 3118 seria
1343 3053 1402 3118 fiat
1431 3075 1505 3119 vna

290 3147 575 3225 commemoratio,
590 3145 637 3210 ⁵et
652 3145 826 3209 memorial
841 3145 883 3208 de
899 3143 1164 3207 consessoribus.⁶

293 3282 360 3338 Feb.
374 3278 412 3352 8.]
466 3278 501 3348 (I
524 3270 702 3334 Dominica
718 3269 751 3332 in
767 3268 832 3347 lx,
848 3277 920 3332 tota
935 3277 1088 3330 cantetur
1102 3267 1247 3331 historia

335 3404 369 3474 (Ι
393 3397 491 3461 Feria
505 3397 544 3462 .ii.
560 3396 604 3460 de
620 3394 708 3459 feria
755 3393 860 3457 Missa
876 3392 980 3457 Salus
986 3392 1107 3475 populi.

335 3528 371 3599 ΕΙ
394 3521 491 3586 Feria
505 3521 557 3586 ,iii
573 3520 616 3583 de
631 3528 748 3583 sancta
763 3517 954 3594 Scolastica,
970 3536 1045 3579 cum
1062 3526 1234 3581 nocturno.

336 3653 371 3723 ([
394 3646 492 3710 Feria
521 3645 583 3710 ‚iiii
618 3644 661 3707 de
698 3642 786 3707 seria
854 3641 1079 3724 Responsoria
1117 3641 1253 3704 historie
1292 3638 1508 3704 dominicalis

293 3734 476 3800 secundum
491 3732 643 3797 ordinem
659 3739 903 3794 nocturnorum.

336 3852 371 3922 ([
395 3845 490 3910 Feria
505 3865 542 3910 .v.
559 3844 601 3907 de
617 3841 703 3906 sesto
718 3841 789 3905 loci.

337 3964 371 4034 (Ι
395 3958 492 4021 Feria
506 3956 555 4021 .vi.
571 3955 615 4018 de
631 3953 732 4017 seria'
779 3951 1004 4035 Responsoria
1019 3952 1062 4014 de
1078 3951 1180 4015 tercio
1200 3959 1371 4015 nocturno

337 4076 371 4146 (Ι
394 4068 553 4144 Sabbat0,
568 4068 612 4131 de
626 4075 742 4130 sancta
758 4064 874 4127 Maria.

327 4357 337 4389 ¹
354 4364 543 4420 cantnssuper:
560 4353 616 4403 add.
631 4364 672 4415 97,
685 4364 725 4401 01.
989 4345 1000 4375 ²
1017 4346 1112 4397 maius:
1129 4357 1171 4409 97,
1182 4358 1224 4396 o1.

327 4424 339 4519 ἓ
353 4432 381 4517 εξ
390 4420 476 4515 nulla:
493 4417 534 4481 87,
547 4416 587 4467 88.
988 4411 1000 4503 ἒ
1017 4413 1063 4491 ξὸ.
1077 4411 1189 4461 Vednsto
1200 4420 1225 4461 et
1235 4410 1362 4461 Amando.

338 4515 370 4524 -
396 4502 464 4535 om..
481 4495 523 4547 97,
534 4496 575 4533 01.
1016 4477 1061 4527 bS.
1076 4476 1196 4536 vedasto,
1211 4484 1259 4527 etc.

326 4553 339 4587 ²
354 4550 437 4604 feriis:
455 4560 549 4613 97,01.
