3326 5208
624 471 834 523 PRIMUMD.
869 472 924 520 m.
1336 470 1383 534 κς

216 631 252 702 11
273 625 435 727 Saobam,
446 626 489 689 de
503 634 621 688 sancta
634 624 741 687 Maria
754 646 763 702 ;
784 633 819 687 et
835 624 1060 707 Responsoria
1076 623 1201 687 ferialia
1216 624 1279 687 hoc
1295 643 1385 686 anno

174 722 468 796 pretermittantur.

351 830 385 901 11
409 824 587 888 Dominica
609 824 643 887 in
668 822 898 907 Sexagesima,
919 832 993 888 tota
1015 832 1168 887 cantetur
1189 822 1334 898 historia,
1351 832 1385 886 et

352 913 512 976 memoria
526 913 569 976 de
584 922 702 975 sancto
718 912 869 975 Preiecto
885 920 1039 994 martyre.

177 1111 185 1122 θ
217 1028 251 1172 111
275 1024 372 1123 Fcria
386 1024 426 1088 .ii.
442 1023 496 1087 de¹
513 1024 727 1087 conversione
742 1025 848 1086 sancti
864 1022 967 1100 Pauli,
985 1021 1219 1087 Inuitatorium
1240 1021 1384 1105 triplex:

176 1131 220 1173 ix.
249 1120 404 1174 cotiones.

217 1228 253 1299 11
276 1223 374 1286 Feria
397 1223 448 1287 .iii.
475 1223 518 1286 de
543 1232 660 1286 sancto
685 1221 835 1286 Iuliano:
867 1222 1101 1285 Inuitatorium
1128 1220 1295 1304 simplex:
1318 1232 1385 1285 tres

175 1310 343 1386 lectiones,
359 1330 435 1373 cum
451 1320 636 1373 nocturno:
660 1308 853 1391 Capitulum
869 1308 950 1371 Ecce
962 1307 1115 1372 sacerdos.

175 872 307 946 Iamsi

175 1522 244 1575 tres
258 1511 427 1585 lectiones,
441 1529 518 1572 cum
534 1508 718 1573 nocturno.²
763 1507 955 1591 Capitulum
971 1507 1113 1571 Domine
1125 1507 1219 1570 Deus
1233 1528 1330 1570 meus.

219 1628 253 1698 11
277 1623 305 1685 F
306 1622 374 1685 eria
389 1644 426 1685 .ν,
441 1622 484 1685 de
500 1620 586 1684 sesto
601 1621 672 1684 loci.

219 1741 253 1811 11
277 1736 375 1798 Feria
397 1735 445 1798 .vi.
472 1734 516 1797 de
539 1744 656 1797 sancta
682 1733 834 1797 Batilde:
867 1744 934 1797 tres
949 1732 1108 1797 lectiones
1137 1732 1181 1795 de
1206 1731 1386 1807 communi,

176 1843 253 1886 cum
269 1831 440 1885 nocturno.

220 1941 254 2011 11
278 1933 439 2011 Sabbato,
454 1934 497 1997 de
512 1942 629 1996 sancta
646 1932 761 1996 Maria

220 2052 254 2122 11
276 2047 343 2110 Vbi
360 2045 444 2109 fiunt
466 2054 533 2109 tres
555 2044 900 2122 commemorationes,
915 2045 948 2107 in
964 2044 1013 2108 .vi.
1030 2043 1111 2106 feria
1127 2041 1185 2106 fiat
1207 2061 1273 2105 vna
1296 2062 1386 2104 com-

179 2134 383 2198 memoratio,

266 2293 301 2366 ι]
355 2241 1387 2326 ⁴1

179 2428 276 2482 erunt
291 2419 334 2482 de
348 2418 435 2483 sesto
452 2418 691 2481 Purificationis
708 2417 834 2481 Marie:
857 2421 903 2481 et*
918 2351 977 2480 figit
987 2348 1388 2479 estolvffiineffiemocigegz

180 2506 354 2569 dominica

223 2622 257 2693 11
281 2618 376 2682 Feria
387 2617 427 2681 .ii.
437 2616 572 2680 ⁸fcstum
584 2616 827 2679 Purificationis
838 2616 944 2678 Marie
954 2616 1089 2697 virginis
1101 2639 1109 2678 ε
1133 2613 1269 2677 sestum⁸
1281 2614 1388 2676 maius

180 2704 316 2786 duplex.
376 2704 433 2767 Ad
457 2714 615 2786 utrasque
644 2724 799 2786 vesperas
825 2702 971 2785 hymnus
1005 2702 1102 2782 Quod
1126 2702 1240 2764 chorus
1265 2711 1388 2763 vatum.

181 2792 283 2855 Nulla
299 2790 357 2855 fiat
373 2793 535 2855 memoria
549 2792 592 2854 de
607 2801 725 2854 sancto
741 2791 875 2854 Blasio,⁸

223 2910 257 2980 11
281 2905 378 2967 Fcria
393 2904 444 2967 .iii.
460 2903 735 2966 commemoratio
744 2904 842 2967 beate
859 2902 975 2979 Marie,
986 2911 1021 2965 et
1038 2902 1199 2964 memoria
1213 2900 1256 2963 dc
1272 2909 1389 2962 sancto

182 2991 301 3054 Blasio.

224 3109 257 3179 11
281 3104 309 3166 F
310 3103 378 3165 cria
392 3102 454 3165 .iiii.
471 3103 503 3165 in
520 3102 630 3184 capite
644 3101 764 3164 ieiunii.
780 3101 823 3164 de
839 3100 927 3165 seria

224 3216 446 3291 11⁷Etnota
475 3213 580 3296 quod⁷
607 3213 651 3276 ab
673 3212 736 3275 hac
762 3223 882 3294 quarta
909 3212 991 3277 feria
1021 3232 1126 3293 vsque
1153 3221 1229 3294 post
1254 3209 1391 3287 Pascha,

184 3302 276 3366 Nihil
304 3300 362 3365 fiat
386 3302 429 3364 de
454 3301 545 3364 sestis
567 3300 667 3363 trium
691 3299 882 3373 lectionum,
906 3301 968 3363 nisi
990 3309 1121 3363 tantum
1147 3298 1307 3362 memoria
1333 3297 1391 3360 Ad

183 3410 338 3472 vesperas
354 3397 388 3451 et
403 3388 447 3451 ad
464 3387 645 3451 matutinas
660 3386 704 3449 de
719 3397 837 3449 sancta
854 3387 969 3450 Maria

225 3507 259 3576 11
283 3501 379 3564 Feria
416 3522 453 3564 .v.
491 3499 534 3563 de
563 3508 680 3562 sancta
710 3497 867 3581 Agatha:
904 3500 949 3563 ix.
979 3498 1160 3562 lectiones:
1198 3495 1390 3579 Capitulum

186 3588 370 3671 Confitebor.

226 3706 260 3776 11
284 3701 381 3763 Feria
395 3699 443 3763 .vi.
460 3700 504 3763 de
519 3698 659 3762 ieiunio:
682 3706 716 3760 et
733 3699 893 3761 memoria
907 3698 950 3762 de
965 3695 1183 3771 confessorei‘3
1198 3695 1240 3758 ad
1259 3695 1393 3758 matuti-

185 3808 245 3851 nas
261 3789 360 3851 beate
375 3787 517 3869 virginis.

229 3905 263 3976 11
286 3897 447 3975 Sabbato,
461 3898 504 3961 de
519 3898 647 3962 ieiunio.
694 3896 740 3961 Et
755 3897 809 3960 hic
824 3897 977 3960 dicantur
997 3894 1223 3978 Responsoria
1239 3892 1371 3956 ferialia.

361 4015 395 4085 11
419 4009 597 4072 Dominica
619 4011 646 4074 ,i
675 4008 950 4092 Quadragesime‚
979 4018 1052 4071 tota
1078 4016 1231 4070 cantetur
1257 4005 1394 4069 historia

186 4062 254 4116 Μ’
268 4058 306 4131 8']
363 4097 578 4161 dominicalis.

219 4328 278 4406 ¹dc
288 4339 376 4407 sancto
387 4331 482 4380 Paulo:
500 4329 543 4391 87,
555 4329 595 4379 88.
793 4304 810 4359 ²⁸
819 4330 893 4379 order
902 4329 1033 4377 invencd:
1048 4327 1098 4403 ⁸7⁰.
1159 4392 1165 4403 ι
1203 4392 1208 4402 .

218 4393 532 4511 :summa
547 4459 589 4522 87,
601 4459 642 4510 as.
789 4392 1288 4524 tntq‘ssffuacffimni?
1292 4392 1387 4521 3521.

219 4524 274 4564 ⁷-²
288 4543 336 4576 om.
350 4526 393 4587 87,
404 4524 446 4576 88.
791 4524 803 4555 ⁸
820 4525 846 4575 S.
861 4524 973 4575 Vedasto
984 4527 1051 4585 (cum
1063 4524 1089 4573 S.
1104 4524 1241 4583 Ammdo).
