3372 5224
291 474 337 525 174
604 458 879 508 DIRECYORIUM
907 458 1174 509 SACERIIOTUM.

330 631 363 700 (Ι
388 612 484 675 Feria
507 611 564 687 .vi.‚
587 612 630 674 de
652 619 768 673 sancto
786 611 943 686 Iohanne,
960 612 1067 675 minus
1091 611 1239 695 duplex:
1264 614 1424 676 memoria
1450 615 1491 677 de

290 701 416 765 octauis
440 698 596 781 Corporis
619 697 742 762 Christi
766 697 822 761 Ad
848 698 1028 761 matutinas
1043 708 1077 762 et
1092 701 1134 763 ad
1152 702 1313 764 secundas
1336 720 1491 782 vesperas

288 788 469 851 solenniter
483 807 490 864 ;
517 787 563 848 et¹
578 787 621 848 de
636 784 763 848 octauis
780 784 952 848 Trinitatis
969 786 1146 867 priuatim.²

334 900 369 982 [h
385 895 428 983 i]
473 903 508 973 (I
531 895 689 967 Sabbato,
705 896 748 958 de
762 897 890 960 octauis
912 896 1069 979 Corporis
1090 897 1221 971 Christi,
1237 907 1304 962 tres
1326 899 1492 963 lectiones.

290 986 516 1069 Responsoria
540 983 582 1047 de
606 983 714 1064 primo
741 992 912 1060 nocturno,
927 993 961 1047 et
985 985 1146 1047 memoria
1172 986 1215 1048 de
1240 987 1368 1049 octauis
1387 988 1493 1050 sancti

291 1073 459 1148 iohannis,
488 1081 523 1134 et
552 1071 595 1133 de
624 1069 750 1133 octauis
780 1071 963 1134 Trinitatis.
1030 1070 1086 1135 Ad
1117 1092 1272 1155 vesperas
1301 1085 1490 1137 sanctorum

293 1159 450 1224 Iohannis
463 1167 496 1221 et
513 1157 615 1233 Pauli,
626 1156 786 1219 memoria
802 1158 844 1220 de
858 1158 999 1221 octauis³
1013 1159 1119 1222 sancti
1137 1158 1316 1238 iohannis,⁴
1333 1162 1493 1224 memoria

287 1249 331 1310 de
357 1246 485 1310 octauis
513 1244 669 1326 Corporis
694 1243 825 1319 Christi,
842 1243 1025 1327 antiphona
1055 1244 1084 1310 0
1111 1266 1210 1327 quam
1233 1295 1240 1309 .
1264 1248 1424 1310 memoria
1450 1247 1493 1311 de

285 1334 463 1408 dominica,
480 1331 663 1414 antiphona
680 1329 823 1412 Loquere
845 1330 1009 1394 Domine:
1033 1333 1193 1396 memoria
1205 1335 1247 1397 de
1270 1334 1443 1411 Trinitate,
1458 1344 1493 1397 et

286 1421 451 1505 processio
467 1429 545 1482 ante
561 1438 699 1481 crucem.

392 1579 430 1652 6]
463 1530 698 1606 {Dominica
723 1529 830 1611 prima
852 1539 928 1611 post
953 1529 1072 1593 sestum
1098 1529 1221 1595 Sancte
1244 1532 1427 1609 Trinitatis,
1451 1534 1494 1596 de

288 1586 417 1654 lum·
463 1617 609 1694 sanctis,⁸
653 1618 697 1678 ix.
736 1616 915 1679 lectiones:
966 1618 1064 1680 Fiant
1103 1619 1211 1682 medie
1250 1618 1406 1683 lectiones
1449 1622 1491 1683 de

287 1704 414 1770 octauis
430 1703 587 1786 Corporis
603 1702 748 1767 Christi:
771 1703 950 1766 versiculus
972 1714 1008 1767 et
1031 1705 1256 1788 Responsoria
1279 1707 1322 1769 de
1346 1709 1491 1771 secundo

287 1800 459 1941 nocturnol,
470 1801 517 1941 etd
516 1791 577 1853 ,iiii
592 1791 751 1853 memorie
764 1812 771 1865 ;
790 1790 975 1871 antiphona
992 1791 1022 1853 T
1018 1812 1035 1854 c
1049 1792 1128 1854 iure.
1167 1792 1272 1856 Missa
1283 1794 1490 1859 dominicalis

285 1882 319 1942 in
336 1879 481 1961 capituo
520 1878 623 1940 icitur.

331 1997 364 2066 (Ι
387 1990 485 2053 Feria
500 1989 538 2052 .ii.
553 1989 598 2051 de
613 1987 754 2051 octauis⁸
775 2037 782 2051 .
806 1998 872 2052 tres
888 1988 1046 2052 lectiones
1062 2038 1068 2053 .
1087 1990 1266 2055 versiculus
1279 2004 1313 2055 et
1340 1995 1493 2077 Respon-

287 2080 374 2142 soria
389 2076 432 2140 de
447 2077 550 2139 tercio
566 2087 738 2151 nocturno,
753 2084 787 2138 et
804 2077 963 2139 memoria
977 2077 1020 2139 de
1035 2078 1162 2140 octauis
1178 2081 1282 2142 sancti
1300 2079 1481 2144 Iohannis.‘’

332 2189 485 2265 {Feria
516 2188 567 2250 .iii.
598 2188 641 2250 de
671 2188 799 2250 octauis
831 2187 987 2269 Corporis
1020 2188 1152 2265 Christi,
1184 2200 1217 2254 et
1248 2194 1410 2256 memoria
1447 2196 1490 2258 de

288 2286 406 2341 sancto
430 2275 552 2352 Leone,
568 2284 601 2337 et
617 2276 660 2338 de
675 2275 803 2337 octauis
819 2275 926 2338 sancti
953 2275 1111 2339 Iohannis
1135 2286 1274 2341 tantum.
1322 2280 1425 2343 Missa
1448 2282 1491 2343 de

211 2362 218 2381 ⁸
289 2364 403 2447 vigilia
426 2362 666 2446 apostotorum
682 2369 834 2425 cantetur
860 2362 903 2424 ad
930 2382 1098 2426 summum
1123 2364 1236 2438 altare,
1252 2376 1329 2448 post
1354 2369 1488 2431 missam

287 2454 332 2516 de
347 2451 409 2514 die.

334 2569 367 2638 (Ι
392 2561 487 2624 Feria
502 2581 566 2623 ‚nn
583 2560 624 2622 de
640 2558 799 2642 apostolis
817 2558 915 2622 Petro
929 2569 963 2623 et
988 2560 1100 2637 Paulo,
1117 2563 1226 2627 minus
1248 2565 1385 2648 duplex.
1431 2567 1487 2632 Ad

291 2663 448 2730 vtrasquc
470 2667 633 2729 vesperas,
650 2647 841 2723 matutinas,
866 2654 901 2710 et
926 2648 968 2710 ad
996 2648 1140 2726 missam,
1156 2650 1302 2715 solennis
1330 2655 1490 2718 memoria

291 2739 336 2801 de
351 2735 478 2799 octauis
497 2734 654 2819 Corporis
670 2732 803 2797 Christi.
852 2733 957 2796 Nihil⁸
971 2735 1014 2797 de
1029 2737 1156 2799 octauis
1171 2740 1276 2801 sancti
1297 2739 1476 2805 iohannis.⁶

335 2856 369 2926 ἦ
392 2847 489 2910 Feria
498 2867 535 2909 .v.
548 2846 590 2909 de
599 2845 750 2909 octauis.⁰
777 2845 1010 2910 Inuitatorium
1021 2848 1154 2930 triplex,
1165 2859 1200 2912 et
1210 2852 1319 2915 medie
1329 2853 1489 2917 lectiones

292 2940 335 3001 de
347 2933 514 3020 apostolis.
548 2934 586 2996 In
603 2932 756 2996 laudibus
768 2952 885 2995 omnes
895 2933 1079 3016 antiphone
1088 2934 1286 3001 dicuntur¹⁰:
1304 2941 1488 3004 memoria¹1

291 3026 335 3087 de
358 3020 527 3106 apostolis,
542 3019 727 3102 antiphona
748 3019 870 3081 Petrus
893 3020 1077 3102 apostolus:
1099 3032 1133 3086 et
1160 3024 1203 3086 de
1228 3028 1356 3089 octauis
1381 3030 1487 3092 sancti

294 3110 453 3175 Iohannis
482 3116 622 3171 tantum.
676 3106 824 3188 Vespere
854 3116 951 3169 erunt
978 3108 1021 3170 de
1044 3111 1220 3174 octauis¹²t
1258 3114 1419 3177 memoria
1446 3117 1490 3178 de

291 3196 461 3283 apostolis,
476 3194 662 3277 antiphona
679 3192 853 3257 OPetre.¹⁸

334 3317 367 3386 ἦ
390 3305 699 3373 ¹⁴Commemoratio
714 3305 821 3367 sancti
838 3305 932 3368 Pauli
948 3304 1120 3371 differatur
1135 3309 1167 3372 in
1185 3311 1375 3376 crastinum.

333 3429 367 3499 ἦ
391 3420 487 3485 Feria
502 3414 577 3482 .vi.¹⁴
592 3417 634 3480 de
658 3417 976 3481 commemoratione
995 3421 1102 3483 sancti
1119 3421 1222 3497 Pauli,
1252 3423 1486 3488 Inuitatorium

290 3510 424 3593 triplex,
452 3516 560 3570 totum
587 3505 630 3567 de
656 3514 773 3569 sancto
799 3503 904 3568 Paulo
935 3554 941 3569 .
966 3506 1126 3570 memoria
1156 3509 1199 3572 de
1228 3511 1356 3574 octauis
1381 3513 1488 3576 sancti

294 3596 461 3668 iohannis,
476 3591 659 3674 antiphona
681 3591 819 3654 Factum
833 3591 925 3654 est¹⁵2
948 3593 1108 3658 memoria
1123 3594 1165 3657 de
1181 3606 1297 3660 sancto
1322 3597 1428 3677 Petr0,
1444 3599 1488 3663 ad

290 3683 471 3748 matutinas
501 3688 535 3743 et
565 3679 607 3741 ad
633 3677 779 3754 missam,
806 3687 842 3741 vt
872 3699 972 3761 supra
1002 3680 1034 3743 in
1065 3681 1120 3744 die
1146 3683 1251 3746 sancti
1283 3685 1385 3749 Pauli.
1442 3687 1488 3752 Et

324 3932 332 3963 1
349 3930 429 3981 „511312
446 3929 502 3978 add,
516 3940 557 3990 97,
569 3938 609 3975 01.
932 3923 945 4021 f
959 3924 1095 4042 prinnini:
1111 3944 1158 3980 om.
1172 3940 1214 3992 97,
1226 3944 1267 3982 01.

322 4129 333 4162 ⁷
349 4099 396 4179 ΕΒΖ
408 4077 474 4175 ugni
482 4132 507 4174 et
519 4121 598 4172 Pauli·
650 4091 657 4105 ο
929 4119 940 4151 ⁸
955 4074 1068 4197 etllfhrr
1078 4123 1156 4174 nichil
1166 4144 1174 4177 z
1191 4125 1232 4188 87,
1249 4127 1289 4177 88.

322 4193 334 4225 ⁹
349 4190 467 4257 Corporis
478 4187 579 4239 Christi.
927 4184 947 4217 ¹⁰
962 4186 1094 4239 dicunturz
1112 4187 1151 4239 88.

323 4257 342 4290 ¹¹
360 4254 532 4307 immemoris:
549 4252 599 4313 87:
616 4248 784 4300 memoriume
801 4248 841 4299 88.

322 4322 343 4355 ¹²
359 4325 411 4373 fior
420 4322 530 4385 Vespere
541 4326 611 4367 erunt
623 4316 655 4365 de
665 4315 769 4375 octaris,
782 4314 813 4376 87
825 4316 879 4366 arrd
887 4313 918 4387 88
927 4318 989 4366 read
997 4318 1037 4368 nd
1050 4334 1165 4385 vesperas
1175 4321 1207 4372 de
1218 4324 1313 4375 octauis
1324 4332 1356 4375 et.

322 4388 343 4420 ¹³
362 4390 384 4439 0
394 4389 474 4445 Perre,
483 4392 586 4448 pastor:
602 4381 641 4432 cf.
658 4381 733 4430 Crede
744 4381 836 4440 Mitti,
849 4382 863 4439 8
877 4393 929 4432 122.
944 4397 968 4446 p.
982 4383 1022 4446 65.

321 4450 395 4491 ¹⁴-¹⁴
410 4452 520 4516 Vespere
531 4456 602 4498 erunt
613 4446 645 4495 de
655 4444 758 4495 octauis.
794 4446 867 4495 Feria
878 4462 902 4495 v.
916 4445 957 4507 87,
970 4446 1009 4497 88.

321 4518 342 4551 ¹⁶
358 4516 437 4568 Missa
446 4516 478 4566 de
489 4512 584 4564 octauis
594 4511 673 4562 sancti
686 4509 804 4560 Iohannis
818 4509 908 4561 dicitur
919 4510 944 4561 in
955 4513 1082 4578 capitulo:
1099 4517 1156 4567 adul
1169 4528 1211 4580 97,
1222 4531 1263 4570 or.
