3372 5224
286 466 332 520 140
592 460 867 510 DIRECTORIUM
885 462 1080 512 SACERDOY
1089 462 1151 514 UM.

328 619 362 689 (Ι
385 612 482 675 Feria
497 613 537 676 ‚it
553 614 595 676 de
610 622 728 676 sancto
744 613 936 693 Ambrosio,
953 613 1095 678 Inferius
1111 615 1247 697 duplex.

329 740 363 810 (Ι
387 733 482 795 Feria
494 733 543 794 ,iii
554 733 720 797 dicunturl
732 733 887 817 Exequie
904 734 1114 797 Mortuorum
1127 754 1202 797 cum
1216 736 1269 798 ix.
1280 733 1485 811 lectionibus,

288 829 321 883 et
337 819 439 882 missa
461 820 494 882 in
517 820 669 883 crastino
715 819 883 902 Deinceps
906 841 974 884 non
998 822 1165 885 dicuntur¹
1188 822 1383 905 quotidiane
1407 842 1485 884 exe·

288 908 365 989 quie
388 926 492 988 vsque
518 916 594 988 post
618 916 755 970 octauas
781 907 1025 971 Penthecostes.
1081 908 1138 971 Ad
1171 908 1460 992 completorium
1451 928 1484 970 ιιι

286 991 399 1087 vigilia
416 994 519 1056 Pasce
534 993 682 1075 pulsetur
697 993 747 1056 bis
763 1014 838 1057 cum
855 995 983 1058 duabus
1000 996 1194 1078 campanis²

289 1165 316 1217 Α
351 1162 370 1218 l
464 1118 498 1188 (Ι
524 1114 562 1176 ln
588 1113 642 1176 die
667 1114 770 1177 Pasce
794 1123 827 1176 et
850 1122 908 1196 per
930 1115 1186 1191 hebdomadam,
1209 1116 1264 1179 de³
1286 1115 1487 1180 solennitate

317 1178 396 1234 ΡΜ
386 1158 438 1234 ω’]
465 1200 549 1263 festi.
609 1199 775 1264 Omnibus
812 1201 986 1264 dominicis
1023 1223 1127 1284 vsque
1164 1202 1207 1265 ad
1246 1203 1486 1266 Ascensionem

291 1286 427 1363 domini,
451 1286 494 1348 de
521 1306 721 1369 quocunque
745 1287 782 1350 fit
809 1288 992 1366 seruicium,
1022 1288 1064 1353 ad
1088 1298 1246 1372 vtrasque
1269 1310 1423 1372 vesperas
1453 1299 1488 1352 et

291 1374 472 1436 matutinas
495 1372 553 1437 fiat
576 1375 736 1437 memoria
751 1375 794 1437 de
809 1375 985 1453 dominica,
1001 1377 1060 1439 sed
1077 1396 1247 1459 nunquam
1274 1377 1317 1439 ad
1343 1375 1487 1439 missam.

292 1458 325 1542 [f.
342 1459 409 1542 vii]
454 1459 622 1525 Omnibus
637 1462 812 1525 dominicis
828 1472 862 1523 et
879 1461 971 1525 festis
994 1483 1071 1525 curn
1095 1465 1253 1545 regimine
1267 1463 1368 1539 chori,
1383 1482 1488 1546 vsque

292 1546 334 1609 ad
364 1546 512 1630 vigiliam
544 1547 760 1611 Ascensionis
790 1546 968 1624 exclusiue,
1000 1547 1058 1613 fiat
1088 1549 1233 1613 solennis
1259 1550 1419 1614 memoria
1445 1551 1487 1614 de

291 1635 538 1712 resurrectione,
554 1636 616 1698 nisi
632 1636 665 1697 in
684 1636 883 1700 lnuentione
906 1634 1030 1700 Sancte
1046 1636 1171 1715 Crucis,
1188 1639 1270 1701 etin
1287 1637 1429 1701 sabbato
1445 1636 1487 1699 ad

289 1740 452 1804 vesperas.

292 1890 373 1960 tel
389 1887 440 1960 ι]
467 1841 814 2009 lplzfflltlnl.
829 1842 1488 1993 ’88888ῗὲ88ἓὲιί,ΡῖἒὲῗιιὲἓΜὲΞ

292 2013 538 2088 resurrectione,
564 1977 640 2077 crim
664 2016 772 2078 missa.
819 2016 896 2079 Non
920 2016 1040 2079 dicitur
1061 2017 1152 2079 Deus
1172 2017 1233 2098 qui
1250 2017 1407 2079 hodierna
1428 2017 1489 2091 die,

291 2098 350 2162 sed
366 2100 457 2161 Deus
470 2100 530 2182 qui
534 2112 598 2184 per
611 2102 824 2183 vm'genitum.

333 2220 488 2368 l{Ilieria
503 2220 542 2285 .ii.
559 2222 602 2284 de
614 2220 714 2285 seria:
754 2222 978 2304 Responsoria
993 2222 1079 2285 illius
1096 2222 1182 2286 serie
1228 2222 1333 2287 Missa
1348 2223 1490 2286 domini·

292 2327 371 2369 cars

335 2432 369 2502 (Ι
393 2426 533 2489 Feria
514 2427 565 2490 rii
593 2428 636 2490 de
659 2436 776 2490 sancto
800 2427 969 2510 Alphego,
999 2428 1233 2492 Inuitatorium
1261 2430 1397 2514 duplex,
1424 2440 1490 2493 tres

293 2512 451 2679 lectirpres
474 2513 517 2576 de
539 2516 709 2578 communi
732 2515 804 2578 sine
827 2516 987 2598 regimine
1010 2516 1110 2579 chori.
1156 2515 1349 2599 Capitulum
1375 2518 1491 2583 Omnis

284 2600 382 2680 ponti
396 2621 436 2662 ex
538 2634 540 2638 >

335 2726 371 2796 (Ι
394 2721 490 2784 Feria
519 2720 583 2784 iiii.
615 2721 657 2784 de
687 2721 775 2785 seria.
835 2722 1062 2805 Responsoria
1092 2721 1263 2787 Locutus.
1287 2723 1427 2807 epistola
1457 2734 1491 2788 et

294 2808 505 2890 euangelium
521 2808 670 2871 eiusdem
687 2808 775 2872 ferie.

335 2934 369 3004 (Ι
393 2928 488 2990 Feria
504 2949 541 2991 .v.
557 2929 599 2992 de
616 2928 700 2991 sesto
717 2928 788 2991 loci.

334 3054 368 3124 (Ι
392 3049 490 3111 Feria
505 3049 554 3112 .vi.
570 3050 613 3112 de
628 3058 745 3112 sancta
762 3049 878 3112 Maria.

335 3174 369 3244 (Ι
392 3167 553 3243 Sabbato,
570 3170 613 3232 de
627 3180 743 3232 sancto
759 3167 912 3251 Georgio,
929 3169 1038 3232 minus
1053 3169 1189 3253 duplex.
1234 3170 1380 3252 Vespere
1396 3179 1492 3233 erunt

294 3254 337 3318 de
360 3255 454 3332 festo,
477 3265 510 3318 et
533 3256 693 3356 memoria
716 3255 875 3319 solennis⁴
897 3255 940 3319 de
962 3256 1139 3357 dominica,
1160 3266 1195 3321 et
1217 3256 1384 3407 processio
1399 3258 1491 3321 ante⁶

294 3362 432 3406 crucem.

294 3429 576 3492 commemoratio

294 3599 340 3668 Ap
342 3596 402 3652 ΓΗΖ
430 3595 442 3668 ]
468 3554 502 3624 (Ι
526 3548 704 3649 Dominica
719 3549 756 3612 ii
774 3558 850 3650 post
867 3549 979 3626 Pasca,
995 3551 1038 3613 de
1052 3550 1191 3614 seruicio
1206 3549 1404 3614 dominicali.
1452 3549 1490 3612 ln

470 3634 623 3698 laudibus
637 3655 703 3699 vna
718 3636 909 3719 antiphona

337 3759 371 3829 (Ι
396 3752 465 3817 Ista
481 3754 647 3818 dominica
662 3755 786 3819 carebit
801 3755 948 3837 vtrisque
964 3756 1119 3839 vesperis,
1134 3756 1317 3820 secundum
1333 3754 1492 3820 ordinale.

336 3878 370 3948 (Ι
394 3872 492 3936 Feria
507 3873 546 3938 .ii.
563 3873 606 3937 de
621 3885 736 3938 sancto
760 3874 884 3950 Marco,
911 3874 1051 3939 Inferius
1075 3875 1212 3958 duplex,
1227 3895 1303 3939 cum
1320 3873 1443 3938 ieiunio
1459 3884 1493 3938 et

294 3960 513 4041 processione.

295 4084 420 4227 dOEM
394 4078 535 4142 Feria'
517 4079 569 4143 ‚ni
596 4080 638 4144 de
663 4080 750 4144 feria.
798 4080 1035 4163 Responsoria⁶
1062 4083 1197 4165 Dignus
1220 4102 1261 4145 es.
1316 4080 1422 4145 Missa
1449 4081 1491 4144 de

318 4166 470 4229 omrnica

325 4298 334 4330 ¹
351 4300 474 4363 dicantur
487 4300 526 4352 88.

325 4363 606 4460 :duabuscampanis
624 4368 654 4418 cl.
669 4370 770 4433 Defens.
784 4371 880 4423 Derect.
894 4388 916 4423 c.
932 4370 973 4467 36,
986 4388 1010 4436 p.
1027 4369 1073 4429 18,
1094 4371 1168 4420 Crede
1180 4369 1287 4430 Micli§
1273 4371 1339 4434 575,
1353 4385 1377 4434 p.
1391 4367 1432 4430 48.

352 4440 430 4481 totum
446 4431 583 4497 besorcde.
601 4431 641 4495 87,
654 4433 695 4484 88.
958 4435 1110 4487 solenniter:
1128 4434 1168 4498 87,
1181 4435 1221 4484 88.

325 4493 400 4548 ’.88
418 4496 457 4558 87.
930 4500 942 4532 ⁸
958 4448 1169 4566 Responsoriuni:
1185 4499 1225 4551 88.
