3330 5218
277 453 310 504 88
614 455 737 505 DIREC
739 455 764 504 T
762 456 892 508 ORIUM
908 456 1176 508 SACERDOTUM.

319 614 354 685 {l
380 607 541 686 Sabbat0,
555 609 598 673 de
621 600 743 672 'sancto
770 609 921 673 Iohanne
949 610 1111 692 Baptista,
1134 610 1245 672 minus
1269 607 1398 691 duplex
1412 610 1431 683 ;¹
1454 608 1482 670 si

278 694 337 758 fiat·
368 696 545 778 processio
575 695 618 758 ad
649 696 754 759 altare
782 698 889 761 sancti
921 696 1090 772 Iohannis,
1120 697 1229 779 primo
1252 696 1311 759 liat
1333 695 1482 759 solennis

280 782 441 846 memoria
465 784 508 846 de
542 791 659 846 sancto
683 782 842 861 Albano;
866 785 916 847 sin
940 793 1064 860 autem,
1088 784 1147 847 fiat
1177 783 1339 846 memoria
1368 784 1411 846 de
1440 802 1482 844 eo

277 870 341 932 sub
357 869 500 947 silentio,
515 880 549 933 et
565 870 607 932 de
623 870 799 946 dominica,
814 882 850 934 et
865 871 907 934 de
923 867 1110 935 Trinitate.¹

452 995 487 1066 (l
509 990 689 1054 Dominica
703 991 752 1066 .ii.‚
763 992 806 1054 de
817 992 958 1055 seruicio
969 990 1170 1065 dominicali,
1193 990 1303 1054 medie
1323 988 1481 1052 lectiones

276 1040 349 1108 June
362 1036 418 1110 ²⁵]
454 1078 496 1139 de
512 1078 638 1141 octauis
650 1077 756 1142 sancti
770 1077 937 1154 Iohannis,
949 1099 1025 1142 cum
1040 1078 1267 1161 Responsorio
1278 1077 1481 1158 Priusquam

275 1163 327 1238 le?
340 1182 466 1226 nonum
480 1165 742 1247 Responsorium
758 1164 938 1228 Benedicat.
987 1165 1026 1229 ln
1043 1166 1200 1228 laudibus
1212 1185 1277 1227 vna
1289 1164 1481 1246 antiphona.

318 1287 352 1358 (l
377 1282 452 1347 Hac
468 1284 636 1348 dominica
652 1284 857 1368 incipiuntur
872 1284 994 1369 Vigilie
1011 1285 1230 1348 Mortuerum.

309 1410 351 1480 ΙΙ
377 1404 472 1468 Feria
495 1405 534 1469 .ii.
557 1406 747 1469 desanctis
772 1406 922 1470 Iohanne
945 1415 980 1469 et
1007 1405 1133 1483 Paulo;
1169 1405 1302 1488 propria
1328 1404 1480 1487 Respon-

274 1494 362 1554 soria
377 1502 412 1556 et
427 1494 559 1576 proprie
574 1491 699 1557 laudes.

315 1617 351 1688 ΙΙ
375 1613 472 1677 Feria
486 1613 539 1677 .iii.
554 1614 597 1677 de
612 1613 699 1677 sesto
714 1612 777 1677 loci
794 1624 828 1676 et
841 1613 1002 1677 memoria
1018 1613 1060 1676 de
1076 1613 1212 1676 octauis.

316 1737 351 1808 (ἶ
376 1733 472 1796 Feria
494 1734 558 1797 iiii.
583 1734 626 1798 de
650 1745 768 1798 sancto
793 1733 915 1807 Leone,
940 1754 1016 1796 cum
1039 1743 1210 1796 nocturno.
1256 1731 1314 1795 Ad
1335 1732 1481 1813 comple-

271 1821 395 1882 torium
412 1818 533 1885 dicitur
545 1841 644 1903 super
653 1821 817 1904 hymnum
839 1820 871 1883 T
867 1841 883 1883 e
891 1820 972 1883 lucis
988 1830 1107 1884 cantus
1118 1818 1328 1885 dominicalis
1345 1829 1481 1901 propter

271 1909 434 1980 octauas,8
461 1911 621 1971 memoria
636 1908 679 1972 de
701 1908 831 1972 octauis
846 1928 923 1970 cum
950 1908 1120 1972 memoriis
1147 1907 1323 1971 consuetis.
1354 1905 1478 1968 ·Missa

273 1994 316 2057 de
331 1993 445 2076 vigilia
461 1995 699 2077 apostolorum.

317 2118 351 2189 (l
376 2114 474 2178 Feria
490 2137 529 2179 .v.
547 2115 590 2178 de
604 2115 778 2199 apostolis⁴
794 2114 915 2178 testum
932 2115 1041 2177 minus
1057 2115 1194 2198 duplex.

316 2241 351 2311 (Ι
374 2235 469 2299 Feria
484 2236 524 2299 vi.
548 2238 591 2299 de
602 2244 720 2299 sancto
734 2236 845 2300 Paulo.
892 2236 1128 2299 Inuitatorium
1151 2234 1297 2317 triplex3
1321 2236 1480 2299 memoria

273 2320 316 2385 de
332 2331 449 2386 sancto
467 2324 573 2400 Petro,
589 2334 622 2386 et
637 2324 680 2386 de
695 2325 832 2387 octauis.

314 2457 350 2528 ΙΙ
376 2451 537 2530 Sabbat0,
572 2452 615 2514 de
642 2461 759 2516 sancta
792 2452 922 2529 Maria,l
952 2462 986 2515 et
1018 2451 1120 2514 missa
1148 2450 1190 2513 de
1212 2450 1347 2514 octaual
1373 2452 1479 2513 sancti

275 2539 436 2603 Iohannis
452 2541 484 2602 in
502 2539 649 2622 capitulo
665 2540 794 2602 dicitur.
840 2539 898 2602 Ad
914 2558 1079 2622 vesperas.
1098 2540 1141 2601 de
1157 2536 1359 2602 Visitntione
1382 2538 1480 2601 beate

276 2628 391 2704 llario,
406 2646 488 2689 cum·
500 2627 661 2690 memoria
676 2627 719 2688 de
741 2627 920 2701 dominica,
938 2635 972 2689 et
995 2626 1039 2689 de
1062 2625 1227 2689 Trinitate
1242 2624 1305 2688 sub
1320 2625 1453 2689 silentio
1474 2647 1481 2699 ;

272 2725 306 2777 et
324 2713 406 2776 nihil
423 2714 466 2777 de
482 2714 685 2795 martyribus
699 2715 719 2792 3⁶
735 2713 825 2776 nulla
841 2712 1016 2796 processio.

451 2864 486 2935 (ἶ
511 2857 691 2921 Dominica
713 2857 775 2935 .iii.,
799 2860 843 2921 de
865 2856 1070 2921 Visitatione
1097 2856 1195 2920 beate
1219 2857 1336 2935 Marie,
1359 2857 1480 2923 festum

452 2945 558 3008 maius
596 2944 746 3027 duplex!
805 2944 863 3008 Ad
902 2944 1066 3007 secundas
1103 2963 1268 3026 vesperas,
1297 2945 1482 3028 antiphona

271 2858 337 2978 Juiy
351 2905 389 2979 2·]

276 3030 426 3181 himin
457 3032 606 3116 psalmus
635 3031 738 3095 Dim't
757 3031 931 3108 Dominus,
961 3040 996 3094 et
1024 3031 1125 3094 ceteri
1148 3031 1268 3114 psalmi
1292 3032 1335 3095 de
1364 3042 1482 3095 sancta

316 3139 392 3182 ana

318 3244 352 3315 (l
375 3239 472 3303 Feria
487 3240 527 3305 .ii.
550 3239 594 3303 de
608 3232 737 3303 o'ctauis
753 3236 850 3302 beate
859 3234 982 3302 Mane.

265 3360 267 3365 ’
319 3364 353 3435 (l
378 3360 476 3423 Feria
491 3359 543 3423 iii.
559 3360 602 3422 de
617 3369 735 3423 sancto
747 3359 907 3436 Martin0,
929 3358 1039 3422 medie
1056 3358 1215 3422 lectiones
1231 3358 1274 3421 de
1300 3360 1483 3442 apostolisl

275 3454 309 3509 et
334 3447 497 3509 memoria
520 3447 563 3509 de
589 3447 740 3510 octauis.⁹
787 3445 844 3510 Ad
871 3465 1027 3527 vesperas
1053 3446 1158 3508 sancti
1184 3446 1315 3510 Thome
1338 3446 1484 3511 solennis

276 3534 441 3597 memoria
455 3535 499 3597 de
514 3534 651 3609 octauis,
667 3531 727 3597 et¹⁰
743 3534 786 3596 de
808 3533 969 3616 apostolis
985 3533 1164 3615 priuatim.⁹

309 3776 362 3815 ¹-²
378 3778 421 3829 fiat
433 3777 553 3829 memoria
564 3779 596 3829 de
607 3787 695 3829 sancto
706 3779 807 3830 Albano
818 3780 865 3830 sub
876 3779 976 3830 silentio
987 3789 1013 3830 et
1023 3779 1056 3830 de
1066 3778 1192 3831 dominius
1204 3789 1229 3830 et
1240 3780 1272 3830 de
1283 3779 1423 3830 Trinitate:
1440 3790 1482 3841 97,

277 3857 320 3939 0¹3
337 3910 369 3958 ln
380 3908 515 3960 laudibus:
532 3910 588 3959 add.
608 3920 649 3971 97,
661 3922 710 3969 013
729 3910 760 3959 R.
775 3911 930 3974 Prt'usqmm
948 3911 989 3959 Te.
1025 3910 1064 3959 Cf.
1079 3911 1154 3959 Breu.
1169 3912 1226 3960 Sar.
1242 3922 1297 3974 350.

309 3972 321 4005 ⁸
337 3974 376 4024 Cs.
394 3975 469 4023 Crede
481 3974 572 4034 lllr'clu',
585 3976 599 4034 ᾖ
609 3987 650 4034 42,
662 3990 704 4039 pp.
719 3987 760 4038 39,
770 3989 810 4036 40.
1020 3974 1031 4004 ⁴
1048 3976 1093 4026 SS.
1110 3976 1183 4025 Petro
1195 3985 1220 4025 et
1232 3977 1318 4025 Paulo.

309 4037 363 4076 ⁸-⁶
380 4039 500 4089 memoria
511 4039 543 4089 de
554 4039 650 4090 octauis
661 4040 741 4090 sancti
754 4039 874 4090 lobannis
885 4049 910 4091 et
921 4040 953 4090 de
961 4040 1057 4091 octauis
1064 4042 1233 4105 apostolorum
1245 4040 1321 4091 missa
1332 4040 1364 4091 de
1374 4050 1464 4091 octaua
1476 4058 1483 4092 ε

276 4104 319 4201 873
332 4103 382 4221 ξεὸ.
403 4170 522 4220 Processo
533 4178 557 4219 et
571 4169 732 4220 Martiniano.

308 4234 319 4268 ⁷
335 4235 456 4285 memoria
467 4235 499 4285 de
510 4235 636 4286 dominioa
647 4245 672 4285 et
684 4235 715 4286 de
727 4234 850 4285 Trinitate
861 4236 909 4285 sub
919 4234 1018 4286 silentio
1029 4254 1036 4287 ε
1053 4236 1109 4286 add.
1123 4246 1166 4297 97,
1177 4247 1218 4287 01.

308 4298 319 4331 ⁰
336 4300 382 4350 SS.
397 4301 471 4350 Petro
482 4310 507 4351 et
525 4301 609 4350 Paulo.
1233 4306 1237 4315 ’

307 4364 409 4415 ⁹Feriu
429 4382 472 4415 uu.
486 4365 518 4415 de
537 4365 641 4415 octauis.
678 4365 751 4416 Feria
768 4382 792 4416 v.
812 4366 845 4416 de
864 4373 954 4416 octaua
972 4367 1143 4432 apostolorum
1162 4375 1186 4416 et
1203 4366 1324 4416 memoria
1341 4376 1437 4417 tuntum
1450 4365 1482 4416 de

275 4430 388 4482 octauis:
406 4432 462 4481 add.
477 4430 519 4491 87,
531 4429 571 4480 88.

309 4494 329 4527 ¹⁰
345 4496 445 4561 primo:
463 4497 520 4545 add.
534 4508 576 4558 97,
588 4508 628 4544 01.
