3330 5218
461 435 680 487 SECUNDUM
697 437 730 484 A.
765 437 843 485 xviii.
867 451 911 485 xv.
935 451 962 485 x.
987 437 1035 486 vii.
1327 441 1358 488 61

332 595 367 665 (I
389 589 569 653 Dominica
584 589 637 651 iii.
647 588 689 651 de
704 588 844 651 seruicio
855 588 1046 652 dominicali
1061 613 1068 652 :
1081 591 1190 654 medie
1201 591 1361 656 lectiones

153 641 227 708 June
242 637 298 711 ¹⁸]
332 678 376 739 de
386 676 606 757 martyribus:
621 685 756 738 sextum
771 675 1032 756 Responsorium
1044 677 1116 740 Hcc
1124 688 1173 740 est
1180 700 1279 757 vcra3
1301 681 1359 742 ¹ix.

156 763 419 845 Responsorium
443 762 635 827 Benedicat.l
683 763 722 824 ln
747 761 901 826 laudibus
924 784 990 826 vna
1016 765 1209 847 antiphona,
1234 776 1268 831 et
1294 767 1359 829 due

154 850 326 925 memorie,
341 850 467 914 scilicet
482 852 525 913 de
541 849 755 932 martyribus¹
770 857 805 912 et
819 849 862 912 de
876 850 1048 914 Trinitate.

195 983 230 1053 (I
254 979 354 1041 Feria
377 979 417 1041 ‚ii
442 978 485 1042 de
511 978 636 1041 sanctis
662 977 823 1043 Geruasio
852 987 886 1041 et
912 978 1094 1055 Prothasio,
1120 981 1301 1046 versiculus
1324 992 1360 1046 et

154 1065 383 1148 Responsoria
397 1068 441 1129 de
455 1069 603 1130 secundo
618 1074 780 1128 nocturno
795 1085 871 1128 curn
890 1065 1114 1148 Responsorio
1128 1068 1200 1131 Hec
1212 1079 1259 1131 est
1273 1091 1359 1133 vcra.

194 1200 231 1271 (Ι
254 1194 353 1257 Feria
367 1194 419 1257 ,iii
434 1194 477 1256 de
493 1193 578 1256 sesto
593 1193 667 1269 loci,
681 1203 716 1256 et
732 1194 906 1257 memoria³
920 1194 962 1257 de
978 1205 1095 1258 sancto
1111 1195 1286 1260 Eduardo,

193 1458 230 1529 (Ι
253 1452 353 1515 Feria
368 1474 406 1514 .v.
420 1452 464 1515 de
478 1460 594 1515 sancto
616 1451 762 1527 Albano,
778 1451 824 1514 ix.
839 1450 1007 1529 lectiones,
1028 1472 1105 1515 cum
1129 1453 1358 1538 Responsorio

152 1538 379 1621 perceptum.

193 1674 230 1745 ΙΙ
253 1669 353 1732 Feria
367 1668 417 1731 .vi.
433 1668 476 1730 de
491 1676 608 1730 sancta
632 1665 847 1742 Etheldreda,
862 1686 938 1729 cum
963 1676 1134 1744 nocturno,
1149 1677 1183 1731 et
1207 1670 1358 1753 Respon-

151 1757 242 1818 sorio
257 1756 410 1836 Regnum
426 1755 549 1817 mundi.
596 1754 701 1816 Missa
716 1754 759 1816 de
774 1753 887 1835 vigilia
901 1754 1008 1817 sancti
1026 1755 1191 1818 Iohannis.

194 1890 231 1961 ΙΙ
254 1883 415 1960 Sabbato,
437 1885 479 1946 de
501 1891 620 1945 sancto
644 1881 813 1944 Iohanne:
836 1881 957 1945 festum
984 1883 1094 1946 minus
1120 1884 1255 1965 duplex.
1300 1885 1359 1948 Ad

152 1991 311 2054 vesperas
326 1971 389 2033 sub
403 1969 535 2032 silentio
551 1969 710 2032 memoria
730 1968 774 2031 de
789 1969 967 2046 dominica,
981 1979 1016 2032 et
1031 1969 1074 2032 de
1090 1970 1274 2035 Trinitate:
1297 1976 1356 2037 sed

153 2059 244 2121 nulla
263 2058 429 2140 processio
443 2057 487 2118 ad
503 2075 644 2118 crucem.
688 2055 756 2119 Vbi
771 2054 856 2119 fiunt
878 2065 945 2119 tres
965 2059 1309 2136 commemorationes,
1325 2061 1357 2123 in

153 2146 192 2208 ii
209 2145 293 2208 seria
309 2143 378 2207 fiet⁴
394 2144 502 2226 prima
516 2143 798 2206 commemoratio.

332 2277 367 2347 (I
389 2270 567 2335 Dominica
590 2271 662 2347 .iiii.,
692 2270 736 2333 de
765 2270 906 2334 seruicio
937 2270 1138 2350 dominicali,
1162 2273 1270 2337 medie
1294 2274 1358 2339 lec-

333 2360 440 2422 tiones
455 2360 498 2421 de
513 2358 649 2434 octauis,
664 2377 741 2420 cum
757 2358 899 2421 ⁸duobus
916 2359 1032 2440 primis
1048 2360 1301 2442 Responsoriis;
1325 2373 1359 2427 et

154 2445 322 2508 'tercium‘
350 2445 611 2527 Responsorium
637 2444 850 2526 Priusquam,
874 2454 909 2508 et
940 2465 1063 2509 nonum
1096 2446 1357 2529 Responsorium

154 2531 347 2595 Benedictus
379 2532 563 2594 Dominus!
625 2532 663 2594 ln
701 2531 865 2608 laudibus,
893 2552 959 2594 vna
988 2533 1191 2615 antiphona;
1229 2546 1263 2599 et
1292 2536 1358 2600 due

155 2619 325 2696 memorie,
339 2619 465 2683 scilicet
480 2618 523 2681 de
537 2619 673 2694 octauis,
688 2628 722 2681 et
736 2618 780 2682 de
795 2618 968 2682 Trinitate

154 2320 298 2392 Junezsl

196 2754 233 2825 ΙΙ
257 2749 355 2812 Feria
368 2749 418 2824 .ii.,
432 2749 476 2811 de
490 2748 614 2810 sanctis
632 2748 782 2810 Iohanne
796 2756 831 2811 et
854 2747 967 2824 Paulo,
983 2749 1116 2831 propria
1133 2750 1359 2833 Responsoria

154 2844 188 2897 et
204 2836 340 2899 laudes:
363 2835 404 2918 [c.
420 2834 452 2917 i]
469 2835 631 2898 memoria
645 2837 688 2898 de
703 2835 838 2897 octauis.

197 2970 234 3041 (Ι
256 2963 354 3026 Feria
368 2963 419 3026 iii.
436 2964 479 3026 de
504 2962 589 3026 festo
612 2963 685 3039 loci,
700 2971 734 3026 et
761 2963 922 3026 memoria
945 2962 988 3026 de
1012 2965 1148 3027 octauis.
1194 2966 1251 3029 Ad
1267 2987 1358 3031 com-

155 3051 333 3131 pletorium
350 3051 392 3113 de
407 3058 524 3113 sancto
541 3050 664 3126 Leone,
678 3050 824 3132 hymnus
844 3049 889 3113 Te
902 3049 992 3126 lucis,
1006 3071 1082 3114 cum
1098 3062 1199 3116 cantu
1215 3053 1356 3117 domini-

154 3138 227 3215 cali,
243 3150 379 3220 propter
392 3136 550 3200 octauas.⁸

197 3272 233 3343 π
256 3266 352 3329 Feria
378 3266 441 3328 ‚iiii
465 3266 508 3327 de
538 3274 655 3327 sancto
686 3264 801 3328 Leone
823 3284 900 3328 curn
927 3274 1112 3328 nocturno.
1129 3269 1288 3331 memoria
1314 3270 1357 3333 de

155 3353 291 3429 octauis,
307 3362 340 3415 et
355 3353 514 3415 memorie
529 3361 694 3415 consuete.

199 3488 234 3558 (Ι
257 3482 354 3544 Feria
365 3503 402 3543 .v.
419 3482 462 3543 de
478 3479 612 3545 Sanctis
629 3479 825 3562 Apostolis,⁹
836 3478 957 3543 festum
975 3481 1084 3544 minus
1099 3481 1226 3564 duplex
1242 3533 1249 3546 .
1265 3484 1356 3548 nulla

157 3570 319 3632 memoria
334 3568 367 3630 in
383 3567 553 3631 audientia
568 3568 611 3630 de
626 3568 754 3630 octauis
769 3567 875 3629 sancti
893 3567 1060 3630 Iohannis.

200 3702 235 3772 (I
258 3697 353 3759 Feria
368 3696 418 3759 ‚vi
434 3695 476 3758 de
492 3706 608 3758 sancto
625 3695 736 3758 Paulo,
783 3695 1017 3758 Inuitatorium
1033 3695 1156 3778 triplex
1172 3746 1179 3760 .
1196 3701 1357 3763 memoria

157 3786 201 3847 de
230 3793 348 3847 sancto
378 3784 476 3845 Petro
506 3792 540 3846 et
569 3783 612 3845 de
635 3783 771 3845 octauis.
817 3781 997 3846 Secunde¹⁰
1026 3804 1162 3865 vespere
1187 3794 1284 3848 erunt
1313 3787 1356 3850 de

156 3880 272 4020 {ncta
289 3870 398 3993 Mlpria
412 3919 420 3931 .
436 3878 470 3933 et
485 3870 646 3933 memoria
667 3871 710 3933 de
725 3867 886 3951 apostolis
901 3878 935 3931 et
949 3868 993 3932 de
1007 3871 1134 3933 octauis
1149 3920 1156 3934 .
1172 3874 1358 3955 antiphona

195 3978 313 4041 gresso.

190 4216 242 4254 ¹-¹
257 4233 325 4266 m:
342 4228 383 4279 97,
396 4229 436 4265 01.
771 4212 784 4244 ²
799 4215 845 4265 SS.
860 4216 949 4265 Marco
959 4224 984 4265 et
997 4217 1161 4267 Marcelliano

189 4282 201 4313 ³
216 4282 336 4332 memoria
347 4290 460 4331 tantum:
478 4278 517 4342 87,
532 4278 572 4330 88.
769 4280 781 4311 ⁴
796 4281 824 4330 fit
835 4297 901 4329 vna:
919 4280 960 4342 87,
972 4280 1012 4330 88.

190 4346 244 4384 ⁸-⁸
258 4364 305 4397 em.
317 4365 324 4396 ε
342 4346 384 4408 87,
396 4345 435 4395 88.
773 4344 827 4381 ⁷-7
843 4354 940 4395 sextum
951 4347 1104 4410 Priusquam
1115 4366 1122 4396 z
1139 4358 1181 4409 97,
1192 4361 1233 4398 01.

190 4412 201 4443 ⁸
221 4414 297 4463 Crede
308 4414 346 4461 M.
360 4414 425 4472 542,
436 4428 481 4525 pp.
489 4423 537 4526 e389,
549 4423 590 4471 4ο.
773 4408 846 4486 985.
862 4412 937 4461 Petro
947 4421 973 4461 et
986 4413 1071 4462 Paulo.

190 4476 211 4509 ¹⁰
228 4477 359 4529 Secunde:
375 4494 421 4527 em.
453 4489 467 4538 7
522 4513 529 4526 .
775 4473 795 4505 ¹¹
812 4492 934 4539 ingresse:
952 4474 993 4538 87,
1006 4476 1045 4527 88.
