3316 5220
545 506 766 560 secuuntur
775 508 812 557 o.
847 508 907 557 xio.
920 524 947 556 x.
967 523 991 557 v.
1006 508 1036 558 u.
1351 509 1399 575 285

230 667 265 737 01
288 661 355 724 Vbi
372 661 457 726 fiunt
479 670 546 725 tres
568 661 914 737 commemorationes,
929 661 962 724 in
978 662 1017 725 ,ii
1034 661 1115 725 seria
1138 660 1197 725 fiat
1220 682 1285 726 vna
1308 683 1398 726 com·

190 750 394 812 memoratio.

364 866 399 936 ΙΙ
422 860 601 924 Dominica
616 860 667 923 .iii.
683 868 761 942 post
782 859 1003 924 Trinitatem:
1027 861 1070 924 de
1091 862 1233 924 seruicio
1255 862 1398 925 domini·

187 912 251 980 lm
268 909 320 982 ¹4]
365 948 435 1011 cali.
482 947 595 1011 Medie
618 946 776 1010 lectiones
798 946 841 1009 de
864 957 981 1010 sancto
1000 948 1132 1012 Basilio.
1180 948 1219 1012 In
1242 949 1399 1012 laudibus

189 1052 255 1095 vna
269 1034 462 1116 antiphona

191 1231 199 1293 1
230 1146 385 1245 Μαῖα
426 1147 466 1210 ii.
515 1145 558 1208 de
596 1145 817 1228 martyribus,¹
864 1146 1100 1209 inuitatorium
1138 1145 1286 1229 duplex:
1332 1157 1399 1211 tres

203 1242 356 1296 ectrones

231 1350 266 1420 01
291 1345 387 1408 Feria
431 1345 482 1408 .iii.
527 1345 571 1407 de
615 1354 732 1407 sancto
778 1343 943 1408 Ricardo:
988 1344 1033 1408 ix.
1072 1344 1238 1409 lectiones.
1286 1346 1399 1410 Medic

190 1431 349 1495 lectiones
366 1433 408 1495 de
424 1430 649 1513 martyribus2

232 1662 265 1731 Q
291 1657 387 1719 Feria
403 1678 441 1720 .v.
457 1655 499 1718 de
516 1655 740 1737 martyribus,⁸
755 1675 831 1718 cum
849 1655 1075 1737 Responsorio
1091 1655 1162 1719 Hec
1174 1666 1222 1717 est
1236 1677 1322 1719 vera.

168 1744 174 1751 ¹
232 1775 266 1844 (I
291 1769 388 1831 Feria
404 1768 453 1832 .vi.
470 1769 512 1830 de
527 1776 644 1830 sancta
661 1766 778 1843 Maria,
793 1776 828 1829 et
844 1767 1006 1829 memoria
1022 1766 1064 1830 de
1081 1767 1304 1849 martyribus.⁴

232 1886 266 1955 (I
289 1879 455 1958 Sabbato,
472 1880 516 1942 de
537 1888 655 1943 sancto
679 1879 866 1943 Eduardo:
890 1879 934 1941 ix.
958 1877 1118 1943 lectiones
1141 1879 1184 1942 de
1206 1879 1273 1942 alio
1294 1879 1401 1944 festo⁵

190 1967 247 2031 Ad
264 1988 428 2049 vesperas
444 1967 630 2049 antiphona
644 1965 712 2029 Iste
725 1975 862 2029 sanctus.
909 1965 1102 2049 Capitulum
1120 1967 1244 2029 Beatus
1259 1967 1321 2041 vir,
1341 1967 1403 2050 qui

190 2056 226 2116 in
241 2055 409 2135 supienttu.
457 2054 720 2136 Responsorium
735 2053 859 2116 Beatus
873 2053 936 2131 vir,
949 2054 1011 2135 qui
1021 2051 1144 2134 suffert.

233 2172 267 2241 (I
290 2166 358 2230 Vbi
374 2165 458 2228 fiunt
474 2175 541 2229 tres
557 2162 901 2239 commemorationes,
921 2165 954 2228 in
977 2165 1017 2229 .ii.
1041 2164 1122 2228 seria
1145 2163 1204 2228 fiat
1220 2185 1285 2228 vna
1309 2187 1399 2229 com·

191 2255 395 2316 memoratio.
442 2253 500 2315 Ad
526 2272 689 2335 vesperas,
723 2252 884 2315 memoria
914 2253 956 2315 de
990 2263 1108 2316 sancto
1143 2252 1321 2329 Eduardo,
1356 2254 1400 2316 de

190 2341 374 2404 Trinitate:
397 2353 431 2402 ct
447 2341 613 2423 processio
629 2338 695 2403 fiat

365 2458 399 2527 (I
423 2451 602 2515 Dominica
628 2451 690 2514 iiii.
718 2460 791 2514 tota
814 2451 957 2514 dicatur⁶
979 2451 1126 2514 historia
1174 2451 1213 2514 In
1244 2450 1398 2515 laudibus

366 2559 432 2601 vna
447 2538 639 2621 antiphona

232 2656 265 2725 Q
290 2651 387 2713 Feria
402 2651 441 2715 ii.
458 2651 501 2714 de
516 2660 632 2713 sancto
648 2648 805 2713 Albano:
828 2650 873 2713 irc
891 2648 1048 2713 lectiones
1071 2670 1146 2713 cum
1172 2650 1399 2733 Responsorio

190 2737 409 2818 Percepturus.

232 2854 265 2923 Q
290 2848 387 2912 Feria
408 2849 461 2913 ,iii
484 2848 528 2912 de
549 2848 698 2931 virgine,²
720 2866 796 2911 cum
820 2857 992 2924 nocturno,
1013 2858 1048 2912 et
1070 2868 1146 2911 cum
1172 2848 1400 2931 Responsorio

190 2934 340 3017 Regnum
357 2937 480 3000 mundi.

189 2503 253 2571 Jun.
267 2499 322 2572 21·l

190 3134 339 3218 Vespere
354 3144 450 3198 erunt
465 3135 509 3198 de
524 3134 618 3211 feste,
633 3142 668 3197 et
684 3134 844 3197 memoria
859 3132 1005 3196 solennis
1021 3135 1064 3197 de
1080 3133 1166 3197 sesto
1182 3133 1253 3197 loci.

233 3253 267 3323 1[
292 3247 389 3311 Feria
404 3269 441 3310 .v.
457 3246 500 3309 de
519 3246 605 3310 sesto
628 3245 701 3322 loci,
723 3257 757 3309 et
781 3245 817 3328 [n
840 3246 895 3328 ii]
912 3246 1071 3308 memoria
1087 3246 1130 3308 de
1144 3246 1296 3309 octauis.⁸
1340 3247 1397 3309 Ad

191 3335 444 3417 completorium
460 3334 590 3397 dicatur
604 3343 723 3396 cantus
738 3334 947 3396 dominicalis
963 3353 1063 3415 super
1083 3332 1115 3395 T
1110 3353 1127 3394 ι
1141 3332 1230 3395 luas.

234 3452 267 3522 (I
292 3447 388 3509 Feria
414 3447 463 3509 .vi.
488 3445 531 3508 de
558 3444 759 3526 martyribus
788 3445 938 3508 Iohanne
961 3454 996 3508 et
1024 3443 1138 3521 Paulo,
1163 3443 1397 3508 Inuitatorium

190 3534 318 3616 duplex
333 3558 340 3596 :
363 3543 430 3597 tres
446 3533 604 3596 lectiones
619 3533 691 3595 sine
706 3532 866 3614 regimine
888 3532 1000 3594 chori:
1024 3531 1185 3594 memoria
1200 3532 1243 3594 de
1257 3533 1398 3595 octauis⁸

192 3641 267 3683 cum
284 3620 452 3684 memoriis
468 3621 646 3683 consuetis,

234 3739 268 3808 (I
291 3732 452 3806 Sabbata
473 3732 518 3795 de
550 3742 667 3794 sancta
700 3731 816 3807 Maria,
838 3740 873 3793 et
896 3730 1056 3793 memoria
1078 3729 1121 3792 de
1144 3729 1294 3792 octauis.⁹
1339 3730 1396 3793 Ad

190 3840 354 3902 vesperas,
371 3819 533 3882 memoria
554 3818 598 3881 de
619 3828 735 3881 sancto
760 3818 895 3881 Leone:
918 3818 961 3880 de
982 3818 1131 3880 octauis:
1153 3818 1196 3879 de
1213 3816 1396 3881 Trinitate:

190 3918 225 3970 et
240 3907 407 3990 processio
423 3905 482 3969 fiat
497 3916 575 3970 ante
590 3925 732 3968 crucem.

224 4304 233 4336 ¹
251 4306 296 4357 SS.
311 4306 371 4356 vito
382 4314 407 4356 et
420 4305 545 4355 Modesto.
841 4299 853 4331 ²
869 4300 915 4352 SS.
930 4300 1013 4351 Cirico
1025 4310 1050 4349 et
1062 4300 1158 4352 lulittu.

223 4370 235 4400 ³
250 4372 296 4422 SS.
312 4373 400 4421 Marco
410 4382 436 4421 et
448 4370 619 4421 Marcelliano.
841 4365 851 4396 ⁴
868 4367 915 4417 SS.
929 4366 1059 4427 Genucio,
1071 4376 1119 4415 etc.

222 4434 234 4465 ⁸
251 4438 315 4485 Mar.
329 4436 397 4486 xviii
839 4429 851 4461 ⁸
866 4442 994 4481 mutetur:
1012 4441 1054 4492 97,
1065 4444 1105 4480 or.

222 4500 233 4531 ⁷
250 4502 275 4552 S.
292 4500 451 4551 Etheldreda
842 4496 929 4573 ³liat.
943 4497 970 4548 S.
986 4497 1073 4546 lohan.
1092 4497 1166 4562 Bapt.

221 4565 233 4596 ⁹
248 4567 275 4618 S.
291 4567 379 4618 lohan.
393 4567 468 4632 Bapt.
