<?xml version="1.0" encoding="UTF-8"?>
<!DOCTYPE html PUBLIC "-//W3C//DTD XHTML 1.0 Transitional//EN"
    "http://www.w3.org/TR/xhtml1/DTD/xhtml1-transitional.dtd">
<html xmlns="http://www.w3.org/1999/xhtml" xml:lang="en" lang="en">
 <head>
  <title>
</title>
<meta http-equiv="Content-Type" content="text/html;charset=utf-8" />
  <meta name='ocr-system' content='tesseract 3.04.00' />
  <meta name='ocr-capabilities' content='ocr_page ocr_carea ocr_par ocr_line ocrx_word'/>
</head>
<body>
  <div class='ocr_page' id='page_1' title='image "./ordinalesarvmsi00cathgoog/ordinalesarvmsi00cathgoog_0110.png"; bbox 0 0 3330 5218; ppageno 0'>
   <div class='ocr_carea' id='block_1_1' title="bbox 518 447 1387 511">
    <p class='ocr_par' dir='ltr' id='par_1_1' title="bbox 518 447 1387 511">
     <span class='ocr_line' id='line_1_1' title="bbox 518 447 1387 511; baseline -0.002 -13"><span class='ocrx_word' id='word_1_1' title='bbox 518 447 679 498; x_wconf 70' lang='lat' dir='ltr'>perum!</span> <span class='ocrx_word' id='word_1_2' title='bbox 696 450 730 497; x_wconf 77' lang='grc' dir='ltr'>Α.</span> <span class='ocrx_word' id='word_1_3' title='bbox 765 448 820 496; x_wconf 64' lang='lat' dir='ltr'>xvi.</span> <span class='ocrx_word' id='word_1_4' title='bbox 843 448 905 496; x_wconf 67' lang='lat' dir='ltr'>xiii.</span> <span class='ocrx_word' id='word_1_5' title='bbox 929 463 954 496; x_wconf 74' lang='lat' dir='ltr'>v.</span> <span class='ocrx_word' id='word_1_6' title='bbox 979 449 1009 497; x_wconf 71' lang='lat' dir='ltr'>o.</span> <span class='ocrx_word' id='word_1_7' title='bbox 1353 462 1387 511; x_wconf 78' lang='lat'>⁴9</span> 
     </span>
    </p>
   </div>
   <div class='ocr_carea' id='block_1_2' title="bbox 172 742 1383 1001">
    <p class='ocr_par' dir='ltr' id='par_1_2' title="bbox 172 742 1383 1001">
     <span class='ocr_line' id='line_1_2' title="bbox 225 742 1383 826; baseline 0 -17"><span class='ocrx_word' id='word_1_8' title='bbox 225 752 259 821; x_wconf 99' lang='grc' dir='ltr'>(Ι</span> <span class='ocrx_word' id='word_1_9' title='bbox 282 747 379 810; x_wconf 85' lang='lat' dir='ltr'>Feria</span> <span class='ocrx_word' id='word_1_10' title='bbox 407 767 446 809; x_wconf 92' lang='lat' dir='ltr'>.v.</span> <span class='ocrx_word' id='word_1_11' title='bbox 475 746 518 809; x_wconf 90' lang='lat' dir='ltr'>de</span> <span class='ocrx_word' id='word_1_12' title='bbox 547 742 607 819; x_wconf 72' lang='lat' dir='ltr'>del</span> <span class='ocrx_word' id='word_1_13' title='bbox 635 756 753 808; x_wconf 88' lang='lat' dir='ltr'>sancta</span> <span class='ocrx_word' id='word_1_14' title='bbox 791 745 992 826; x_wconf 80' lang='lat' dir='ltr'>Margareta,</span> <span class='ocrx_word' id='word_1_15' title='bbox 1021 744 1067 808; x_wconf 91' lang='lat' dir='ltr'>ix.</span> <span class='ocrx_word' id='word_1_16' title='bbox 1097 744 1265 810; x_wconf 84' lang='lat' dir='ltr'>lectiones.</span> <span class='ocrx_word' id='word_1_17' title='bbox 1324 747 1383 810; x_wconf 89' lang='lat' dir='ltr'>Ad</span> 
     </span>
     <span class='ocr_line' id='line_1_3' title="bbox 172 831 1383 916; baseline 0.001 -21"><span class='ocrx_word' id='word_1_18' title='bbox 172 833 344 896; x_wconf 84' lang='lat' dir='ltr'>secundas</span> <span class='ocrx_word' id='word_1_19' title='bbox 359 853 513 916; x_wconf 82' lang='lat' dir='ltr'>vesperas</span> <span class='ocrx_word' id='word_1_20' title='bbox 530 831 599 896; x_wconf 88' lang='lat' dir='ltr'>fiat¹</span> <span class='ocrx_word' id='word_1_21' title='bbox 615 833 776 896; x_wconf 88' lang='lat' dir='ltr'>memoria</span> <span class='ocrx_word' id='word_1_22' title='bbox 792 834 834 895; x_wconf 90' lang='lat' dir='ltr'>de</span> <span class='ocrx_word' id='word_1_23' title='bbox 849 843 965 895; x_wconf 88' lang='lat' dir='ltr'>sancta</span> <span class='ocrx_word' id='word_1_24' title='bbox 988 832 1150 911; x_wconf 85' lang='lat' dir='ltr'>Praxede,</span> <span class='ocrx_word' id='word_1_25' title='bbox 1165 834 1292 916; x_wconf 83' lang='lat' dir='ltr'>virgine</span> <span class='ocrx_word' id='word_1_26' title='bbox 1315 854 1383 897; x_wconf 93' lang='lat' dir='ltr'>non</span> 
     </span>
     <span class='ocr_line' id='line_1_4' title="bbox 181 929 337 1001; baseline -0.006 -19"><span class='ocrx_word' id='word_1_27' title='bbox 181 929 337 1001; x_wconf 84' lang='lat' dir='ltr'>martyre.</span> 
     </span>
    </p>
   </div>
   <div class='ocr_carea' id='block_1_3' title="bbox 180 1063 1382 1233">
    <p class='ocr_par' dir='ltr' id='par_1_3' title="bbox 180 1063 1382 1233">
     <span class='ocr_line' id='line_1_5' title="bbox 201 1063 1382 1213; baseline 0.002 -86"><span class='ocrx_word' id='word_1_28' title='bbox 201 1070 258 1164; x_wconf 32' lang='grc' dir='ltr'>σε</span> <span class='ocrx_word' id='word_1_29' title='bbox 271 1065 378 1213; x_wconf 88' lang='lat' dir='ltr'>lFeria</span> <span class='ocrx_word' id='word_1_30' title='bbox 404 1063 463 1137; x_wconf 74' lang='grc' dir='ltr'>,νἰ,</span> <span class='ocrx_word' id='word_1_31' title='bbox 489 1064 532 1128; x_wconf 93' lang='lat' dir='ltr'>de</span> <span class='ocrx_word' id='word_1_32' title='bbox 555 1073 671 1126; x_wconf 91' lang='lat' dir='ltr'>sancta</span> <span class='ocrx_word' id='word_1_33' title='bbox 695 1063 860 1141; x_wconf 88' lang='lat' dir='ltr'>Praxede,</span> <span class='ocrx_word' id='word_1_34' title='bbox 884 1063 928 1126; x_wconf 91' lang='lat' dir='ltr'>iii.</span> <span class='ocrx_word' id='word_1_35' title='bbox 953 1063 1122 1142; x_wconf 89' lang='lat' dir='ltr'>lectiones,</span> <span class='ocrx_word' id='word_1_36' title='bbox 1147 1065 1382 1130; x_wconf 85' lang='lat' dir='ltr'>inuitatorium</span> 
     </span>
     <span class='ocr_line' id='line_1_6' title="bbox 180 1170 336 1233; baseline 0.013 -21"><span class='ocrx_word' id='word_1_37' title='bbox 180 1170 270 1233; x_wconf 82' lang='lat' dir='ltr'>simp</span> <span class='ocrx_word' id='word_1_38' title='bbox 282 1172 336 1214; x_wconf 83' lang='lat' dir='ltr'>ex</span> 
     </span>
    </p>
   </div>
   <div class='ocr_carea' id='block_1_4' title="bbox 179 1296 1382 1895">
    <p class='ocr_par' dir='ltr' id='par_1_4' title="bbox 179 1296 1382 1895">
     <span class='ocr_line' id='line_1_7' title="bbox 225 1296 1381 1381; baseline -0.002 -18"><span class='ocrx_word' id='word_1_39' title='bbox 225 1304 259 1373; x_wconf 92' lang='grc' dir='ltr'>(Ι</span> <span class='ocrx_word' id='word_1_40' title='bbox 281 1297 441 1371; x_wconf 90' lang='lat' dir='ltr'>Sabbato,</span> <span class='ocrx_word' id='word_1_41' title='bbox 456 1299 499 1362; x_wconf 91' lang='lat' dir='ltr'>de</span> <span class='ocrx_word' id='word_1_42' title='bbox 514 1307 629 1361; x_wconf 90' lang='lat' dir='ltr'>sancta</span> <span class='ocrx_word' id='word_1_43' title='bbox 646 1297 754 1361; x_wconf 91' lang='lat' dir='ltr'>Maria</span> <span class='ocrx_word' id='word_1_44' title='bbox 765 1296 990 1379; x_wconf 83' lang='lat' dir='ltr'>Magdalena,²</span> <span class='ocrx_word' id='word_1_45' title='bbox 1003 1296 1236 1362; x_wconf 89' lang='lat' dir='ltr'>Inuitatorium</span> <span class='ocrx_word' id='word_1_46' title='bbox 1249 1299 1381 1381; x_wconf 83' lang='lat' dir='ltr'>triplex.</span> 
     </span>
     <span class='ocr_line' id='line_1_8' title="bbox 181 1384 1380 1466; baseline 0.002 -18"><span class='ocrx_word' id='word_1_47' title='bbox 181 1387 228 1448; x_wconf 76' lang='lat' dir='ltr'>ix</span> <span class='ocrx_word' id='word_1_48' title='bbox 257 1385 449 1448; x_wconf 79' lang='lat' dir='ltr'>lectiones⁸z</span> <span class='ocrx_word' id='word_1_49' title='bbox 473 1385 633 1448; x_wconf 87' lang='lat' dir='ltr'>memoria</span> <span class='ocrx_word' id='word_1_50' title='bbox 662 1385 705 1447; x_wconf 89' lang='lat' dir='ltr'>de</span> <span class='ocrx_word' id='word_1_51' title='bbox 734 1394 851 1447; x_wconf 86' lang='lat' dir='ltr'>sancto</span> <span class='ocrx_word' id='word_1_52' title='bbox 881 1384 1104 1466; x_wconf 85' lang='lat' dir='ltr'>Wandragra⁴</span> <span class='ocrx_word' id='word_1_53' title='bbox 1134 1385 1263 1450; x_wconf 86' lang='lat' dir='ltr'>abbate.</span> <span class='ocrx_word' id='word_1_54' title='bbox 1324 1387 1380 1450; x_wconf 92' lang='lat' dir='ltr'>Ad</span> 
     </span>
     <span class='ocr_line' id='line_1_9' title="bbox 182 1471 1381 1554; baseline 0.001 -19"><span class='ocrx_word' id='word_1_55' title='bbox 182 1473 319 1535; x_wconf 87' lang='lat' dir='ltr'>missam</span> <span class='ocrx_word' id='word_1_56' title='bbox 350 1473 480 1534; x_wconf 88' lang='lat' dir='ltr'>dicatur</span> <span class='ocrx_word' id='word_1_57' title='bbox 505 1471 612 1536; x_wconf 82' lang='lat' dir='ltr'><em>Credo.</em></span> <span class='ocrx_word' id='word_1_58' title='bbox 656 1471 714 1535; x_wconf 87' lang='lat' dir='ltr'>Ad</span> <span class='ocrx_word' id='word_1_59' title='bbox 745 1472 908 1534; x_wconf 88' lang='lat' dir='ltr'>secundas</span> <span class='ocrx_word' id='word_1_60' title='bbox 931 1474 1108 1554; x_wconf 70' lang='lat' dir='ltr'>vesperas,⁸</span> <span class='ocrx_word' id='word_1_61' title='bbox 1130 1472 1173 1535; x_wconf 90' lang='lat' dir='ltr'>de</span> <span class='ocrx_word' id='word_1_62' title='bbox 1202 1473 1381 1550; x_wconf 83' lang='lat' dir='ltr'>dominica,</span> 
     </span>
     <span class='ocr_line' id='line_1_10' title="bbox 182 1557 1381 1642; baseline 0.001 -20"><span class='ocrx_word' id='word_1_63' title='bbox 182 1558 381 1642; x_wconf 77' lang='lat' dir='ltr'>Antiphona</span> <span class='ocrx_word' id='word_1_64' title='bbox 395 1558 469 1621; x_wconf 80' lang='lat' dir='ltr'>Rex</span> <span class='ocrx_word' id='word_1_65' title='bbox 479 1557 606 1635; x_wconf 66' lang='lat' dir='ltr'>erlaudi,⁸</span> <span class='ocrx_word' id='word_1_66' title='bbox 620 1559 781 1622; x_wconf 85' lang='lat' dir='ltr'>memoria</span> <span class='ocrx_word' id='word_1_67' title='bbox 796 1561 839 1621; x_wconf 90' lang='lat' dir='ltr'>de</span> <span class='ocrx_word' id='word_1_68' title='bbox 853 1567 970 1621; x_wconf 86' lang='lat' dir='ltr'>sancta</span> <span class='ocrx_word' id='word_1_69' title='bbox 987 1559 1094 1622; x_wconf 90' lang='lat' dir='ltr'>Maria</span> <span class='ocrx_word' id='word_1_70' title='bbox 1110 1560 1322 1642; x_wconf 85' lang='lat' dir='ltr'>Magdalena,</span> <span class='ocrx_word' id='word_1_71' title='bbox 1337 1560 1381 1624; x_wconf 87' lang='lat' dir='ltr'>de</span> 
     </span>
     <span class='ocr_line' id='line_1_11' title="bbox 179 1643 1379 1728; baseline 0.001 -19"><span class='ocrx_word' id='word_1_72' title='bbox 179 1656 299 1709; x_wconf 89' lang='lat' dir='ltr'>sancto</span> <span class='ocrx_word' id='word_1_73' title='bbox 320 1645 527 1728; x_wconf 86' lang='lat' dir='ltr'>Apollinare,</span> <span class='ocrx_word' id='word_1_74' title='bbox 550 1646 593 1709; x_wconf 92' lang='lat' dir='ltr'>de</span> <span class='ocrx_word' id='word_1_75' title='bbox 616 1644 790 1720; x_wconf 89' lang='lat' dir='ltr'>Trinitate,</span> <span class='ocrx_word' id='word_1_76' title='bbox 806 1654 840 1709; x_wconf 90' lang='lat' dir='ltr'>et</span> <span class='ocrx_word' id='word_1_77' title='bbox 861 1643 920 1708; x_wconf 85' lang='lat' dir='ltr'>fiat</span> <span class='ocrx_word' id='word_1_78' title='bbox 944 1647 1112 1728; x_wconf 86' lang='lat' dir='ltr'>processio</span> <span class='ocrx_word' id='word_1_79' title='bbox 1136 1657 1215 1710; x_wconf 87' lang='lat' dir='ltr'>ante</span> <span class='ocrx_word' id='word_1_80' title='bbox 1240 1667 1379 1710; x_wconf 87' lang='lat' dir='ltr'>crucem.</span> 
     </span>
     <span class='ocr_line' id='line_1_12' title="bbox 181 1732 1382 1806; baseline 0.002 -11"><span class='ocrx_word' id='word_1_81' title='bbox 181 1733 249 1796; x_wconf 91' lang='lat' dir='ltr'>Vbi</span> <span class='ocrx_word' id='word_1_82' title='bbox 259 1732 343 1796; x_wconf 88' lang='lat' dir='ltr'>fiunt</span> <span class='ocrx_word' id='word_1_83' title='bbox 352 1742 419 1795; x_wconf 89' lang='lat' dir='ltr'>tres</span> <span class='ocrx_word' id='word_1_84' title='bbox 428 1733 769 1806; x_wconf 84' lang='lat' dir='ltr'>commemorationes,</span> <span class='ocrx_word' id='word_1_85' title='bbox 780 1742 859 1795; x_wconf 93' lang='lat' dir='ltr'>tunc</span> <span class='ocrx_word' id='word_1_86' title='bbox 873 1733 906 1795; x_wconf 91' lang='lat' dir='ltr'>in</span> <span class='ocrx_word' id='word_1_87' title='bbox 918 1734 968 1796; x_wconf 77' lang='lat' dir='ltr'>,vi</span> <span class='ocrx_word' id='word_1_88' title='bbox 981 1732 1192 1797; x_wconf 80' lang='lat' dir='ltr'>leriadicitur</span> <span class='ocrx_word' id='word_1_89' title='bbox 1207 1734 1250 1796; x_wconf 91' lang='lat' dir='ltr'>de</span> <span class='ocrx_word' id='word_1_90' title='bbox 1264 1744 1382 1797; x_wconf 87' lang='lat' dir='ltr'>sancta</span> 
     </span>
     <span class='ocr_line' id='line_1_13' title="bbox 182 1818 1028 1895; baseline 0 -13"><span class='ocrx_word' id='word_1_91' title='bbox 182 1820 299 1895; x_wconf 81' lang='lat' dir='ltr'>Maria,</span> <span class='ocrx_word' id='word_1_92' title='bbox 314 1829 349 1883; x_wconf 91' lang='lat' dir='ltr'>et</span> <span class='ocrx_word' id='word_1_93' title='bbox 363 1821 397 1882; x_wconf 93' lang='lat' dir='ltr'>in</span> <span class='ocrx_word' id='word_1_94' title='bbox 412 1819 476 1882; x_wconf 82' lang='lat' dir='ltr'>,iiii</span> <span class='ocrx_word' id='word_1_95' title='bbox 493 1819 573 1882; x_wconf 81' lang='lat' dir='ltr'>feria</span> <span class='ocrx_word' id='word_1_96' title='bbox 589 1818 647 1882; x_wconf 86' lang='lat' dir='ltr'>fiat</span> <span class='ocrx_word' id='word_1_97' title='bbox 662 1839 728 1883; x_wconf 89' lang='lat' dir='ltr'>vna</span> <span class='ocrx_word' id='word_1_98' title='bbox 742 1820 1028 1883; x_wconf 88' lang='lat' dir='ltr'>commemoratio.</span> 
     </span>
    </p>
   </div>
   <div class='ocr_carea' id='block_1_5' title="bbox 176 1963 1467 2311">
    <p class='ocr_par' dir='ltr' id='par_1_5' title="bbox 176 1963 1467 2311">
     <span class='ocr_line' id='line_1_14' title="bbox 177 1963 1382 2115; baseline 0.004 -90"><span class='ocrx_word' id='word_1_99' title='bbox 177 2012 313 2085; x_wconf 54' lang='lat' dir='ltr'>Imm]</span> <span class='ocrx_word' id='word_1_100' title='bbox 356 1970 390 2114; x_wconf 57' lang='lat' dir='ltr'>gl</span> <span class='ocrx_word' id='word_1_101' title='bbox 412 1964 592 2113; x_wconf 49' lang='lat' dir='ltr'>Domgliica</span> <span class='ocrx_word' id='word_1_102' title='bbox 614 1964 688 2027; x_wconf 82' lang='lat' dir='ltr'>,viii</span> <span class='ocrx_word' id='word_1_103' title='bbox 708 1963 847 2064; x_wconf 82' lang='lat' dir='ltr'>historie</span> <span class='ocrx_word' id='word_1_104' title='bbox 871 1964 964 2027; x_wconf 84' lang='lat' dir='ltr'>Deus</span> <span class='ocrx_word' id='word_1_105' title='bbox 987 1966 1144 2115; x_wconf 58' lang='lat' dir='ltr'>‘lmsiuln’</span> <span class='ocrx_word' id='word_1_106' title='bbox 1169 1967 1213 2031; x_wconf 90' lang='lat' dir='ltr'>de</span> <span class='ocrx_word' id='word_1_107' title='bbox 1242 1966 1382 2031; x_wconf 88' lang='lat' dir='ltr'>seruicio</span> 
     </span>
     <span class='ocr_line' id='line_1_15' title="bbox 176 2053 1467 2223; baseline 0.003 -23"><span class='ocrx_word' id='word_1_108' title='bbox 176 2070 558 2221; x_wconf 57' lang='lat' dir='ltr'>Apollinareoenilillcopll</span> <span class='ocrx_word' id='word_1_109' title='bbox 573 2070 825 2219; x_wconf 53' lang='lat' dir='ltr'>cellmmlllrlllllllla</span> <span class='ocrx_word' id='word_1_110' title='bbox 839 2053 1381 2223; x_wconf 44' lang='lat' dir='ltr'>inetlffilffiffugcaegezggifflggtao</span> <span class='ocrx_word' id='word_1_111' title='bbox 1462 2209 1467 2217; x_wconf 52' lang='grc'>,</span> 
     </span>
     <span class='ocr_line' id='line_1_16' title="bbox 178 2223 1381 2311; baseline 0.003 -25"><span class='ocrx_word' id='word_1_112' title='bbox 178 2224 238 2287; x_wconf 89' lang='lat' dir='ltr'>Ad</span> <span class='ocrx_word' id='word_1_113' title='bbox 254 2225 416 2287; x_wconf 83' lang='lat' dir='ltr'>secundas</span> <span class='ocrx_word' id='word_1_114' title='bbox 431 2245 587 2307; x_wconf 88' lang='lat' dir='ltr'>vesperas</span> <span class='ocrx_word' id='word_1_115' title='bbox 601 2223 660 2288; x_wconf 86' lang='lat' dir='ltr'>fiat</span> <span class='ocrx_word' id='word_1_116' title='bbox 675 2224 835 2288; x_wconf 88' lang='lat' dir='ltr'>memoria</span> <span class='ocrx_word' id='word_1_117' title='bbox 854 2227 897 2288; x_wconf 95' lang='lat' dir='ltr'>de</span> <span class='ocrx_word' id='word_1_118' title='bbox 912 2235 1029 2289; x_wconf 82' lang='lat' dir='ltr'>sancta</span> <span class='ocrx_word' id='word_1_119' title='bbox 1045 2225 1190 2291; x_wconf 88' lang='lat' dir='ltr'>Cristina</span> <span class='ocrx_word' id='word_1_120' title='bbox 1204 2228 1332 2311; x_wconf 87' lang='lat' dir='ltr'>virgine</span> <span class='ocrx_word' id='word_1_121' title='bbox 1345 2237 1381 2290; x_wconf 90' lang='lat' dir='ltr'>et</span> 
     </span>
    </p>
   </div>
   <div class='ocr_carea' id='block_1_6' title="bbox 176 2321 333 2391">
    <p class='ocr_par' dir='ltr' id='par_1_6' title="bbox 176 2321 333 2391">
     <span class='ocr_line' id='line_1_17' title="bbox 176 2321 333 2391; baseline 0 -18"><span class='ocrx_word' id='word_1_122' title='bbox 176 2321 333 2391; x_wconf 80' lang='lat' dir='ltr'>martyre.</span> 
     </span>
    </p>
   </div>
   <div class='ocr_carea' id='block_1_7' title="bbox 175 2456 1381 2713">
    <p class='ocr_par' dir='ltr' id='par_1_7' title="bbox 175 2456 1381 2713">
     <span class='ocr_line' id='line_1_18' title="bbox 222 2456 1381 2542; baseline 0.005 -23"><span class='ocrx_word' id='word_1_123' title='bbox 222 2462 256 2531; x_wconf 99' lang='grc' dir='ltr'>(Ι</span> <span class='ocrx_word' id='word_1_124' title='bbox 280 2457 375 2520; x_wconf 90' lang='lat' dir='ltr'>Feria</span> <span class='ocrx_word' id='word_1_125' title='bbox 401 2457 449 2533; x_wconf 89' lang='lat' dir='ltr'>.ii.,</span> <span class='ocrx_word' id='word_1_126' title='bbox 477 2457 519 2519; x_wconf 91' lang='lat' dir='ltr'>de</span> <span class='ocrx_word' id='word_1_127' title='bbox 549 2466 665 2520; x_wconf 88' lang='lat' dir='ltr'>sancta</span> <span class='ocrx_word' id='word_1_128' title='bbox 696 2456 849 2533; x_wconf 87' lang='lat' dir='ltr'>Cristina,</span> <span class='ocrx_word' id='word_1_129' title='bbox 873 2456 1107 2521; x_wconf 89' lang='lat' dir='ltr'>Inuitatorium</span> <span class='ocrx_word' id='word_1_130' title='bbox 1138 2459 1292 2542; x_wconf 84' lang='lat' dir='ltr'>simplex,</span> <span class='ocrx_word' id='word_1_131' title='bbox 1313 2471 1381 2524; x_wconf 88' lang='lat' dir='ltr'>tres</span> 
     </span>
     <span class='ocr_line' id='line_1_19' title="bbox 175 2541 1379 2626; baseline 0.006 -21"><span class='ocrx_word' id='word_1_132' title='bbox 175 2544 337 2606; x_wconf 88' lang='lat' dir='ltr'>lectiones</span> <span class='ocrx_word' id='word_1_133' title='bbox 362 2564 438 2607; x_wconf 90' lang='lat' dir='ltr'>cum</span> <span class='ocrx_word' id='word_1_134' title='bbox 463 2541 647 2606; x_wconf 61' lang='lat' dir='ltr'>nocturno?</span> <span class='ocrx_word' id='word_1_135' title='bbox 689 2543 882 2626; x_wconf 87' lang='lat' dir='ltr'>Capitulum</span> <span class='ocrx_word' id='word_1_136' title='bbox 905 2544 1054 2624; x_wconf 77' lang='lat' dir='ltr'>Domine,</span> <span class='ocrx_word' id='word_1_137' title='bbox 1068 2546 1161 2608; x_wconf 84' lang='lat' dir='ltr'>Deus</span> <span class='ocrx_word' id='word_1_138' title='bbox 1181 2568 1276 2611; x_wconf 82' lang='lat' dir='ltr'>meus.</span> <span class='ocrx_word' id='word_1_139' title='bbox 1322 2548 1379 2612; x_wconf 91' lang='lat' dir='ltr'>Ad</span> 
     </span>
     <span class='ocr_line' id='line_1_20' title="bbox 177 2629 889 2713; baseline 0 -19"><span class='ocrx_word' id='word_1_140' title='bbox 177 2632 331 2712; x_wconf 89' lang='lat' dir='ltr'>primam,</span> <span class='ocrx_word' id='word_1_141' title='bbox 347 2629 554 2713; x_wconf 82' lang='lat' dir='ltr'>Capitulum⁸</span> <span class='ocrx_word' id='word_1_142' title='bbox 568 2630 717 2707; x_wconf 78' lang='lat' dir='ltr'>Domine,</span> <span class='ocrx_word' id='word_1_143' title='bbox 732 2631 889 2694; x_wconf 59' lang='lat' dir='ltr'>mererere.</span> 
     </span>
    </p>
   </div>
   <div class='ocr_carea' id='block_1_8' title="bbox 174 2739 1380 3031">
    <p class='ocr_par' dir='ltr' id='par_1_8' title="bbox 174 2739 1380 3031">
     <span class='ocr_line' id='line_1_21' title="bbox 221 2739 1380 2863; baseline 0.004 -25"><span class='ocrx_word' id='word_1_144' title='bbox 221 2782 255 2851; x_wconf 99' lang='grc' dir='ltr'>(Ι</span> <span class='ocrx_word' id='word_1_145' title='bbox 279 2739 375 2839; x_wconf 78' lang='lat' dir='ltr'>Feria</span> <span class='ocrx_word' id='word_1_146' title='bbox 404 2776 465 2852; x_wconf 76' lang='lat' dir='ltr'>iii,</span> <span class='ocrx_word' id='word_1_147' title='bbox 494 2775 538 2838; x_wconf 90' lang='lat' dir='ltr'>de</span> <span class='ocrx_word' id='word_1_148' title='bbox 566 2783 682 2838; x_wconf 91' lang='lat' dir='ltr'>sancto</span> <span class='ocrx_word' id='word_1_149' title='bbox 715 2776 837 2839; x_wconf 90' lang='lat' dir='ltr'>lacobo</span> <span class='ocrx_word' id='word_1_150' title='bbox 866 2776 1041 2858; x_wconf 75' lang='lat' dir='ltr'>apostolo,⁹</span> <span class='ocrx_word' id='word_1_151' title='bbox 1065 2778 1207 2842; x_wconf 81' lang='lat' dir='ltr'>Inferius</span> <span class='ocrx_word' id='word_1_152' title='bbox 1229 2779 1380 2863; x_wconf 86' lang='lat' dir='ltr'>duplex.</span> 
     </span>
     <span class='ocr_line' id='line_1_22' title="bbox 174 2861 1378 2945; baseline 0.006 -20"><span class='ocrx_word' id='word_1_153' title='bbox 174 2863 340 2925; x_wconf 86' lang='lat' dir='ltr'>memoria</span> <span class='ocrx_word' id='word_1_154' title='bbox 354 2862 500 2925; x_wconf 87' lang='lat' dir='ltr'>solennis</span> <span class='ocrx_word' id='word_1_155' title='bbox 515 2864 558 2925; x_wconf 91' lang='lat' dir='ltr'>de</span> <span class='ocrx_word' id='word_1_156' title='bbox 574 2862 774 2943; x_wconf 87' lang='lat' dir='ltr'>martyribus</span> <span class='ocrx_word' id='word_1_157' title='bbox 798 2861 1039 2945; x_wconf 90' lang='lat' dir='ltr'>Christophoro</span> <span class='ocrx_word' id='word_1_158' title='bbox 1053 2875 1087 2928; x_wconf 97' lang='lat' dir='ltr'>et</span> <span class='ocrx_word' id='word_1_159' title='bbox 1104 2865 1276 2930; x_wconf 81' lang='lat' dir='ltr'>Cucufato.</span> <span class='ocrx_word' id='word_1_160' title='bbox 1321 2868 1378 2932; x_wconf 91' lang='lat' dir='ltr'>Ad</span> 
     </span>
     <span class='ocr_line' id='line_1_23' title="bbox 176 2947 1236 3031; baseline 0.003 -19"><span class='ocrx_word' id='word_1_161' title='bbox 176 2949 341 3012; x_wconf 87' lang='lat' dir='ltr'>secundas</span> <span class='ocrx_word' id='word_1_162' title='bbox 355 2970 510 3031; x_wconf 88' lang='lat' dir='ltr'>vesperas</span> <span class='ocrx_word' id='word_1_163' title='bbox 525 2948 584 3012; x_wconf 85' lang='lat' dir='ltr'>fiat</span> <span class='ocrx_word' id='word_1_164' title='bbox 599 2947 744 3012; x_wconf 88' lang='lat' dir='ltr'>solennis</span> <span class='ocrx_word' id='word_1_165' title='bbox 760 2952 922 3013; x_wconf 87' lang='lat' dir='ltr'>memoria</span> <span class='ocrx_word' id='word_1_166' title='bbox 937 2950 979 3013; x_wconf 90' lang='lat' dir='ltr'>de</span> <span class='ocrx_word' id='word_1_167' title='bbox 994 2962 1111 3015; x_wconf 87' lang='lat' dir='ltr'>sancta</span> <span class='ocrx_word' id='word_1_168' title='bbox 1125 2952 1236 3015; x_wconf 79' lang='lat' dir='ltr'>Anna.</span> 
     </span>
    </p>
   </div>
   <div class='ocr_carea' id='block_1_9' title="bbox 173 3180 1290 3266">
    <p class='ocr_par' dir='ltr' id='par_1_9' title="bbox 173 3180 1290 3266">
     <span class='ocr_line' id='line_1_24' title="bbox 173 3180 1290 3266; baseline 0.004 -22"><span class='ocrx_word' id='word_1_169' title='bbox 173 3201 331 3264; x_wconf 86' lang='lat' dir='ltr'>vesperas</span> <span class='ocrx_word' id='word_1_170' title='bbox 346 3181 406 3244; x_wconf 83' lang='lat' dir='ltr'>fiat</span> <span class='ocrx_word' id='word_1_171' title='bbox 421 3181 582 3244; x_wconf 89' lang='lat' dir='ltr'>memoria</span> <span class='ocrx_word' id='word_1_172' title='bbox 597 3181 640 3243; x_wconf 90' lang='lat' dir='ltr'>de</span> <span class='ocrx_word' id='word_1_173' title='bbox 655 3180 794 3263; x_wconf 86' lang='lat' dir='ltr'>Septem</span> <span class='ocrx_word' id='word_1_174' title='bbox 811 3181 1064 3245; x_wconf 89' lang='lat' dir='ltr'>Dormientibus</span> <span class='ocrx_word' id='word_1_175' title='bbox 1081 3185 1290 3266; x_wconf 87' lang='lat' dir='ltr'>martyribus.</span> 
     </span>
    </p>
   </div>
   <div class='ocr_carea' id='block_1_10' title="bbox 175 3325 1377 3668">
    <p class='ocr_par' dir='ltr' id='par_1_10' title="bbox 175 3325 1377 3668">
     <span class='ocr_line' id='line_1_25' title="bbox 220 3325 1377 3413; baseline 0.003 -23"><span class='ocrx_word' id='word_1_176' title='bbox 220 3334 254 3403; x_wconf 99' lang='grc' dir='ltr'>(Ι</span> <span class='ocrx_word' id='word_1_177' title='bbox 278 3327 374 3390; x_wconf 89' lang='lat' dir='ltr'>Feria</span> <span class='ocrx_word' id='word_1_178' title='bbox 395 3348 442 3401; x_wconf 88' lang='lat' dir='ltr'>.v.,</span> <span class='ocrx_word' id='word_1_179' title='bbox 464 3326 508 3388; x_wconf 91' lang='lat' dir='ltr'>de</span> <span class='ocrx_word' id='word_1_180' title='bbox 532 3325 671 3407; x_wconf 88' lang='lat' dir='ltr'>Septem</span> <span class='ocrx_word' id='word_1_181' title='bbox 699 3325 960 3401; x_wconf 86' lang='lat' dir='ltr'>Dormientibus,</span> <span class='ocrx_word' id='word_1_182' title='bbox 979 3327 1212 3391; x_wconf 89' lang='lat' dir='ltr'>Inuitatorium</span> <span class='ocrx_word' id='word_1_183' title='bbox 1239 3330 1377 3413; x_wconf 88' lang='lat' dir='ltr'>duplex,</span> 
     </span>
     <span class='ocr_line' id='line_1_26' title="bbox 175 3412 1377 3500; baseline 0.003 -24"><span class='ocrx_word' id='word_1_184' title='bbox 175 3424 244 3476; x_wconf 89' lang='lat' dir='ltr'>tres</span> <span class='ocrx_word' id='word_1_185' title='bbox 273 3414 443 3477; x_wconf 85' lang='lat' dir='ltr'>lectiones.</span> <span class='ocrx_word' id='word_1_186' title='bbox 488 3413 680 3496; x_wconf 90' lang='lat' dir='ltr'>Capitulum</span> <span class='ocrx_word' id='word_1_187' title='bbox 711 3412 837 3475; x_wconf 79' lang='lat' dir='ltr'>Reddet</span> <span class='ocrx_word' id='word_1_188' title='bbox 863 3413 962 3476; x_wconf 82' lang='lat' dir='ltr'>Deus.</span> <span class='ocrx_word' id='word_1_189' title='bbox 1032 3412 1211 3478; x_wconf 88' lang='lat' dir='ltr'>Secunde¹⁰</span> <span class='ocrx_word' id='word_1_190' title='bbox 1239 3437 1377 3500; x_wconf 84' lang='lat' dir='ltr'>vespere</span> 
     </span>
     <span class='ocr_line' id='line_1_27' title="bbox 176 3499 1376 3586; baseline 0.004 -23"><span class='ocrx_word' id='word_1_191' title='bbox 176 3510 273 3563; x_wconf 89' lang='lat' dir='ltr'>erunt</span> <span class='ocrx_word' id='word_1_192' title='bbox 290 3500 332 3562; x_wconf 90' lang='lat' dir='ltr'>de</span> <span class='ocrx_word' id='word_1_193' title='bbox 348 3499 433 3563; x_wconf 87' lang='lat' dir='ltr'>sesto</span> <span class='ocrx_word' id='word_1_194' title='bbox 455 3499 529 3571; x_wconf 88' lang='lat' dir='ltr'>loci,</span> <span class='ocrx_word' id='word_1_195' title='bbox 545 3509 579 3562; x_wconf 88' lang='lat' dir='ltr'>et</span> <span class='ocrx_word' id='word_1_196' title='bbox 602 3500 762 3562; x_wconf 87' lang='lat' dir='ltr'>memoria</span> <span class='ocrx_word' id='word_1_197' title='bbox 777 3501 819 3563; x_wconf 90' lang='lat' dir='ltr'>de</span> <span class='ocrx_word' id='word_1_198' title='bbox 835 3510 953 3563; x_wconf 90' lang='lat' dir='ltr'>sancto</span> <span class='ocrx_word' id='word_1_199' title='bbox 976 3499 1140 3566; x_wconf 91' lang='lat' dir='ltr'>Samsone</span> <span class='ocrx_word' id='word_1_200' title='bbox 1161 3503 1327 3586; x_wconf 88' lang='lat' dir='ltr'>episcopo,</span> <span class='ocrx_word' id='word_1_201' title='bbox 1342 3514 1376 3568; x_wconf 94' lang='lat' dir='ltr'>et</span> 
     </span>
     <span class='ocr_line' id='line_1_28' title="bbox 178 3586 784 3668; baseline 0 -19"><span class='ocrx_word' id='word_1_202' title='bbox 178 3589 221 3650; x_wconf 91' lang='lat' dir='ltr'>de</span> <span class='ocrx_word' id='word_1_203' title='bbox 235 3596 352 3651; x_wconf 87' lang='lat' dir='ltr'>sancto</span> <span class='ocrx_word' id='word_1_204' title='bbox 369 3586 587 3650; x_wconf 89' lang='lat' dir='ltr'>Panthalione</span> <span class='ocrx_word' id='word_1_205' title='bbox 604 3587 784 3668; x_wconf 82' lang='lat' dir='ltr'>martyre¹¹</span> 
     </span>
    </p>
   </div>
   <div class='ocr_carea' id='block_1_11' title="bbox 171 3946 1375 4532">
    <p class='ocr_par' dir='ltr' id='par_1_11' title="bbox 208 3946 409 4007">
     <span class='ocr_line' id='line_1_29' title="bbox 208 3946 409 4007; baseline -0.015 -8"><span class='ocrx_word' id='word_1_206' title='bbox 208 3950 218 3981; x_wconf 84' lang='lat'>¹</span> <span class='ocrx_word' id='word_1_207' title='bbox 236 3949 295 3999; x_wconf 84' lang='lat' dir='ltr'>fiet:</span> <span class='ocrx_word' id='word_1_208' title='bbox 314 3948 329 3997; x_wconf 91' lang='lat'><em>8</em></span> <span class='ocrx_word' id='word_1_209' title='bbox 348 3946 409 4007; x_wconf 89' lang='lat'>‚88.</span> 
     </span>
    </p>

    <p class='ocr_par' dir='ltr' id='par_1_12' title="bbox 208 3959 962 4077">
     <span class='ocr_line' id='line_1_30' title="bbox 208 3959 962 4077; baseline -0.005 -12"><span class='ocrx_word' id='word_1_210' title='bbox 208 4016 221 4046; x_wconf 84' lang='lat'>¹</span> <span class='ocrx_word' id='word_1_211' title='bbox 235 4016 276 4064; x_wconf 83' lang='lat' dir='ltr'>De</span> <span class='ocrx_word' id='word_1_212' title='bbox 287 4014 314 4064; x_wconf 93' lang='lat' dir='ltr'>S.</span> <span class='ocrx_word' id='word_1_213' title='bbox 329 3959 411 4064; x_wconf 67' lang='lat' dir='ltr'>llario</span> <span class='ocrx_word' id='word_1_214' title='bbox 424 4012 509 4077; x_wconf 82' lang='lat' dir='ltr'>Magd.</span> <span class='ocrx_word' id='word_1_215' title='bbox 524 4012 553 4061; x_wconf 83' lang='lat' dir='ltr'>ol</span> <span class='ocrx_word' id='word_1_216' title='bbox 566 4011 667 4075; x_wconf 66' lang='lat' dir='ltr'>Deseris.</span> <span class='ocrx_word' id='word_1_217' title='bbox 682 4011 777 4060; x_wconf 74' lang='lat' dir='ltr'>Dirat.</span> <span class='ocrx_word' id='word_1_218' title='bbox 791 4026 813 4060; x_wconf 90' lang='lat' dir='ltr'>c.</span> <span class='ocrx_word' id='word_1_219' title='bbox 829 4021 870 4074; x_wconf 82' lang='lat'>51,</span> <span class='ocrx_word' id='word_1_220' title='bbox 883 4028 907 4076; x_wconf 87' lang='lat' dir='ltr'>p.</span> <span class='ocrx_word' id='word_1_221' title='bbox 925 4022 962 4073; x_wconf 86' lang='lat'>17.</span> 
     </span>
    </p>

    <p class='ocr_par' dir='ltr' id='par_1_13' title="bbox 171 4076 1371 4210">
     <span class='ocr_line' id='line_1_31' title="bbox 207 4076 1371 4145; baseline 0 -15"><span class='ocrx_word' id='word_1_222' title='bbox 207 4079 220 4110; x_wconf 81' lang='lat'><strong>¹</strong></span> <span class='ocrx_word' id='word_1_223' title='bbox 236 4082 266 4130; x_wconf 91' lang='lat' dir='ltr'>ln</span> <span class='ocrx_word' id='word_1_224' title='bbox 277 4081 341 4130; x_wconf 73' lang='lat' dir='ltr'>lusto</span> <span class='ocrx_word' id='word_1_225' title='bbox 352 4080 379 4131; x_wconf 89' lang='lat' dir='ltr'>S.</span> <span class='ocrx_word' id='word_1_226' title='bbox 394 4079 476 4127; x_wconf 80' lang='lat' dir='ltr'>Maria</span> <span class='ocrx_word' id='word_1_227' title='bbox 488 4076 653 4141; x_wconf 74' lang='lat' dir='ltr'>blagdalenae</span> <span class='ocrx_word' id='word_1_228' title='bbox 663 4076 696 4125; x_wconf 78' lang='lat' dir='ltr'>nd</span> <span class='ocrx_word' id='word_1_229' title='bbox 709 4077 818 4134; x_wconf 81' lang='lat' dir='ltr'>Nonam,</span> <span class='ocrx_word' id='word_1_230' title='bbox 831 4077 862 4125; x_wconf 93' lang='lat' dir='ltr'>V.</span> <span class='ocrx_word' id='word_1_231' title='bbox 876 4078 1042 4126; x_wconf 71' lang='lat' dir='ltr'>Adducentur</span> <span class='ocrx_word' id='word_1_232' title='bbox 1051 4078 1106 4141; x_wconf 79' lang='lat' dir='ltr'>regi</span> <span class='ocrx_word' id='word_1_233' title='bbox 1114 4078 1242 4142; x_wconf 62' lang='lat' dir='ltr'>vegim:</span> <span class='ocrx_word' id='word_1_234' title='bbox 1259 4081 1371 4145; x_wconf 70' lang='lat' dir='ltr'>(Dolens.</span> 
     </span>
     <span class='ocr_line' id='line_1_32' title="bbox 171 4140 905 4210; baseline -0.01 -15"><span class='ocrx_word' id='word_1_235' title='bbox 171 4148 270 4195; x_wconf 69' lang='lat' dir='ltr'>Dirae.</span> <span class='ocrx_word' id='word_1_236' title='bbox 284 4162 306 4195; x_wconf 88' lang='lat' dir='ltr'>c.</span> <span class='ocrx_word' id='word_1_237' title='bbox 322 4157 362 4210; x_wconf 81' lang='lat'>51,</span> <span class='ocrx_word' id='word_1_238' title='bbox 375 4161 399 4210; x_wconf 92' lang='lat' dir='ltr'>p.</span> <span class='ocrx_word' id='word_1_239' title='bbox 416 4155 464 4204; x_wconf 77' lang='lat'>173</span> <span class='ocrx_word' id='word_1_240' title='bbox 484 4144 558 4192; x_wconf 76' lang='lat' dir='ltr'>Crede</span> <span class='ocrx_word' id='word_1_241' title='bbox 569 4142 653 4191; x_wconf 75' lang='lat' dir='ltr'><em>Michi</em></span> <span class='ocrx_word' id='word_1_242' title='bbox 661 4144 675 4200; x_wconf 61' lang='grc' dir='ltr'>ὅ</span> <span class='ocrx_word' id='word_1_243' title='bbox 689 4140 727 4200; x_wconf 89' lang='lat'>18,</span> <span class='ocrx_word' id='word_1_244' title='bbox 740 4157 783 4207; x_wconf 91' lang='lat' dir='ltr'>pp.</span> <span class='ocrx_word' id='word_1_245' title='bbox 797 4153 839 4203; x_wconf 81' lang='lat'>32,</span> <span class='ocrx_word' id='word_1_246' title='bbox 852 4144 905 4204; x_wconf 82' lang='lat'>33.)</span> 
     </span>
    </p>

    <p class='ocr_par' dir='ltr' id='par_1_14' title="bbox 207 4204 1372 4274">
     <span class='ocr_line' id='line_1_33' title="bbox 207 4204 1372 4274; baseline 0.003 -17"><span class='ocrx_word' id='word_1_247' title='bbox 207 4210 219 4240; x_wconf 80' lang='lat'>⁴</span> <span class='ocrx_word' id='word_1_248' title='bbox 235 4210 261 4261; x_wconf 88' lang='lat' dir='ltr'>S.</span> <span class='ocrx_word' id='word_1_249' title='bbox 274 4210 482 4274; x_wconf 78' lang='lat' dir='ltr'>Wandragesilo:</span> <span class='ocrx_word' id='word_1_250' title='bbox 499 4208 540 4267; x_wconf 87' lang='lat'>87,</span> <span class='ocrx_word' id='word_1_251' title='bbox 553 4219 594 4268; x_wconf 86' lang='lat'>97,</span> <span class='ocrx_word' id='word_1_252' title='bbox 607 4220 648 4265; x_wconf 87' lang='lat'>01,</span> <span class='ocrx_word' id='word_1_253' title='bbox 660 4205 702 4256; x_wconf 88' lang='lat'>08.</span> <span class='ocrx_word' id='word_1_254' title='bbox 824 4204 835 4235; x_wconf 75' lang='lat'>⁵</span> <span class='ocrx_word' id='word_1_255' title='bbox 850 4207 985 4256; x_wconf 76' lang='lat' dir='ltr'>matutinos</span> <span class='ocrx_word' id='word_1_256' title='bbox 996 4206 1033 4255; x_wconf 83' lang='lat' dir='ltr'>lor</span> <span class='ocrx_word' id='word_1_257' title='bbox 1044 4208 1165 4258; x_wconf 82' lang='lat' dir='ltr'>secundas</span> <span class='ocrx_word' id='word_1_258' title='bbox 1182 4225 1314 4274; x_wconf 76' lang='lat' dir='ltr'>vesperus:</span> <span class='ocrx_word' id='word_1_259' title='bbox 1331 4210 1372 4261; x_wconf 91' lang='lat'>88.</span> 
     </span>
    </p>

    <p class='ocr_par' dir='ltr' id='par_1_15' title="bbox 174 4270 1375 4406">
     <span class='ocr_line' id='line_1_34' title="bbox 208 4270 1375 4336; baseline 0 -11"><span class='ocrx_word' id='word_1_260' title='bbox 208 4272 219 4305; x_wconf 78' lang='lat'>⁸</span> <span class='ocrx_word' id='word_1_261' title='bbox 235 4277 291 4325; x_wconf 72' lang='lat' dir='ltr'>Rex</span> <span class='ocrx_word' id='word_1_262' title='bbox 300 4285 383 4325; x_wconf 77' lang='lat' dir='ltr'>aulem</span> <span class='ocrx_word' id='word_1_263' title='bbox 395 4275 500 4323; x_wconf 84' lang='lat' dir='ltr'>David:</span> <span class='ocrx_word' id='word_1_264' title='bbox 515 4272 556 4333; x_wconf 91' lang='lat'>87,</span> <span class='ocrx_word' id='word_1_265' title='bbox 569 4272 608 4322; x_wconf 91' lang='lat'>88.</span> <span class='ocrx_word' id='word_1_266' title='bbox 652 4272 707 4321; x_wconf 78' lang='lat' dir='ltr'>The</span> <span class='ocrx_word' id='word_1_267' title='bbox 725 4270 847 4336; x_wconf 81' lang='lat' dir='ltr'>antiphon</span> <span class='ocrx_word' id='word_1_268' title='bbox 860 4273 916 4320; x_wconf 79' lang='lat' dir='ltr'>Rex</span> <span class='ocrx_word' id='word_1_269' title='bbox 926 4280 1008 4319; x_wconf 80' lang='lat' dir='ltr'>autem</span> <span class='ocrx_word' id='word_1_270' title='bbox 1021 4273 1112 4321; x_wconf 83' lang='lat' dir='ltr'>David</span> <span class='ocrx_word' id='word_1_271' title='bbox 1127 4283 1154 4323; x_wconf 87' lang='lat' dir='ltr'>to</span> <span class='ocrx_word' id='word_1_272' title='bbox 1171 4275 1203 4323; x_wconf 88' lang='lat' dir='ltr'>be</span> <span class='ocrx_word' id='word_1_273' title='bbox 1222 4276 1290 4325; x_wconf 85' lang='lat' dir='ltr'>used.</span> <span class='ocrx_word' id='word_1_274' title='bbox 1327 4278 1375 4328; x_wconf 83' lang='lat' dir='ltr'>See</span> 
     </span>
     <span class='ocr_line' id='line_1_35' title="bbox 174 4334 1231 4406; baseline 0 -16"><span class='ocrx_word' id='word_1_275' title='bbox 174 4342 252 4390; x_wconf 82' lang='lat' dir='ltr'>Brco.</span> <span class='ocrx_word' id='word_1_276' title='bbox 266 4343 323 4390; x_wconf 82' lang='lat' dir='ltr'>Sar.</span> <span class='ocrx_word' id='word_1_277' title='bbox 338 4358 362 4406; x_wconf 90' lang='lat' dir='ltr'>p.</span> <span class='ocrx_word' id='word_1_278' title='bbox 377 4339 485 4402; x_wconf 86' lang='lat' dir='ltr'>mclxxij.</span> <span class='ocrx_word' id='word_1_279' title='bbox 520 4340 581 4388; x_wconf 81' lang='lat' dir='ltr'>Ant.</span> <span class='ocrx_word' id='word_1_280' title='bbox 598 4350 636 4387; x_wconf 78' lang='grc' dir='ltr'>ια</span> <span class='ocrx_word' id='word_1_281' title='bbox 860 4334 871 4367; x_wconf 85' lang='lat'>⁷</span> <span class='ocrx_word' id='word_1_282' title='bbox 887 4337 960 4386; x_wconf 87' lang='lat' dir='ltr'>trium</span> <span class='ocrx_word' id='word_1_283' title='bbox 972 4338 1018 4386; x_wconf 86' lang='lat' dir='ltr'>lec.</span> <span class='ocrx_word' id='word_1_284' title='bbox 1031 4353 1088 4387; x_wconf 88' lang='lat' dir='ltr'>cum</span> <span class='ocrx_word' id='word_1_285' title='bbox 1099 4355 1174 4388; x_wconf 74' lang='lat' dir='ltr'>noo:</span> <span class='ocrx_word' id='word_1_286' title='bbox 1190 4338 1231 4390; x_wconf 89' lang='grc' dir='ltr'>ο8.</span> 
     </span>
    </p>

    <p class='ocr_par' dir='ltr' id='par_1_16' title="bbox 209 4398 1193 4471">
     <span class='ocr_line' id='line_1_36' title="bbox 209 4398 1193 4471; baseline -0.002 -16"><span class='ocrx_word' id='word_1_287' title='bbox 209 4404 220 4435; x_wconf 80' lang='lat'><strong>⁸</strong></span> <span class='ocrx_word' id='word_1_288' title='bbox 235 4407 387 4471; x_wconf 82' lang='lat' dir='ltr'>capitulum:</span> <span class='ocrx_word' id='word_1_289' title='bbox 404 4421 451 4453; x_wconf 86' lang='lat' dir='ltr'>om.</span> <span class='ocrx_word' id='word_1_290' title='bbox 466 4403 507 4463; x_wconf 90' lang='lat'>87,</span> <span class='ocrx_word' id='word_1_291' title='bbox 519 4402 559 4452; x_wconf 84' lang='lat'>88.</span> <span class='ocrx_word' id='word_1_292' title='bbox 864 4398 875 4431; x_wconf 77' lang='lat'>⁰</span> <span class='ocrx_word' id='word_1_293' title='bbox 890 4403 1023 4466; x_wconf 83' lang='lat' dir='ltr'>apostolo:</span> <span class='ocrx_word' id='word_1_294' title='bbox 1039 4418 1085 4453; x_wconf 84' lang='lat' dir='ltr'>om.</span> <span class='ocrx_word' id='word_1_295' title='bbox 1100 4403 1140 4464; x_wconf 89' lang='lat'>87,</span> <span class='ocrx_word' id='word_1_296' title='bbox 1154 4403 1193 4454; x_wconf 88' lang='lat'>88.</span> 
     </span>
    </p>

    <p class='ocr_par' dir='ltr' id='par_1_17' title="bbox 210 4465 1242 4532">
     <span class='ocr_line' id='line_1_37' title="bbox 210 4465 1242 4532; baseline -0.001 -11"><span class='ocrx_word' id='word_1_297' title='bbox 210 4469 231 4501; x_wconf 82' lang='lat'>¹⁰</span> <span class='ocrx_word' id='word_1_298' title='bbox 246 4472 371 4521; x_wconf 79' lang='lat' dir='ltr'>secunde:</span> <span class='ocrx_word' id='word_1_299' title='bbox 387 4486 435 4519; x_wconf 83' lang='lat' dir='ltr'>om.</span> <span class='ocrx_word' id='word_1_300' title='bbox 449 4467 490 4530; x_wconf 88' lang='lat'>87,</span> <span class='ocrx_word' id='word_1_301' title='bbox 503 4467 542 4516; x_wconf 86' lang='lat'>88.</span> <span class='ocrx_word' id='word_1_302' title='bbox 859 4465 878 4497; x_wconf 83' lang='lat'>²¹</span> <span class='ocrx_word' id='word_1_303' title='bbox 895 4476 1017 4532; x_wconf 76' lang='lat' dir='ltr'>martyre:</span> <span class='ocrx_word' id='word_1_304' title='bbox 1034 4484 1081 4518; x_wconf 84' lang='lat' dir='ltr'>om.</span> <span class='ocrx_word' id='word_1_305' title='bbox 1095 4481 1136 4531; x_wconf 91' lang='lat'>97,</span> <span class='ocrx_word' id='word_1_306' title='bbox 1148 4483 1189 4530; x_wconf 87' lang='lat' dir='ltr'>or,</span> <span class='ocrx_word' id='word_1_307' title='bbox 1201 4469 1242 4520; x_wconf 89' lang='lat'>08.</span> 
     </span>
    </p>
   </div>
   <div class='ocr_carea' id='block_1_12' title="bbox 265 4549 1247 4603">
    <p class='ocr_par' dir='ltr' id='par_1_18' title="bbox 265 4549 1247 4603">
     <span class='ocr_line' id='line_1_38' title="bbox 265 4549 1247 4603; baseline 0.001 -4"><span class='ocrx_word' id='word_1_308' title='bbox 265 4551 349 4603; x_wconf 84' lang='lat' dir='ltr'>PlCA</span> <span class='ocrx_word' id='word_1_309' title='bbox 371 4549 507 4600; x_wconf 84' lang='lat' dir='ltr'>SARUM.</span> <span class='ocrx_word' id='word_1_310' title='bbox 1224 4551 1247 4600; x_wconf 85' lang='lat' dir='ltr'><strong>E</strong></span> 
     </span>
    </p>
   </div>
   <div class='ocr_carea' id='block_1_13' title="bbox 0 0 1670 5218">
    <p class='ocr_par' dir='ltr' id='par_1_19' title="bbox 0 0 1670 5218">
     <span class='ocr_line' id='line_1_39' title="bbox 0 0 1670 5218; baseline 0 4"><span class='ocrx_word' id='word_1_311' title='bbox 0 0 1670 5218; x_wconf 95' lang='lat' dir='ltr'> </span> 
     </span>
    </p>
   </div>
  </div>
 </body>
</html>
