3316 5220
489 477 514 525 Τ
510 476 603 526 ERCI
604 476 665 527 Cn!
677 477 711 524 D.
746 478 824 526 uru'ie’.
837 492 881 525 xri.
893 476 943 525 xii.
957 475 1004 525 vii.
1018 476 1070 525 r'r'r‘r'.
1336 490 1370 537 29

217 630 372 707 (Feria
401 629 464 706 iii,
493 630 537 693 de
566 637 683 693 sancto
720 628 886 693 Thoma¹:
924 628 1046 694 festum
1086 630 1196 693 minus
1235 629 1386 713 duplex:

176 719 337 782 memoria
352 717 395 782 de
409 717 560 782 octauis²

217 845 251 915 (Ι
274 838 373 902 Feria
402 836 467 901 iiii.
498 838 541 903 de
574 836 704 901 octauis
734 835 969 901 Visitationis:
1006 845 1074 901 tres
1109 836 1278 902 lectiones.
1325 836 1382 902 Ad

175 945 341 1009 vesperas,
371 924 433 988 hec
462 923 535 988 sola
565 923 751 1007 antiphona
780 942 882 1007 super
918 923 1076 1006 psalmos,
1104 924 1228 988 Etmu
1249 924 1386 1006 patris.-

174 1012 324 1095 psalmus
338 1011 441 1075 Ditit
452 1011 627 1088 Dominus,
641 1020 676 1074 et
698 1010 799 1074 ceteri
821 1009 943 1093 psalmi
966 1010 1009 1074 de
1031 1022 1149 1075 sancta
1166 1011 1283 1086 Maria
1298 1011 1385 1074 sicut

173 1100 217 1163 ad
233 1100 358 1182 primas
369 1118 533 1182 vesperas

218 1218 254 1302 [n
285 1217 363 1301 .vii.]
406 1223 441 1293 ΙΙ
464 1217 561 1281 Feria
591 1239 629 1281 .v.
659 1217 703 1282 de
732 1225 853 1281 octaua
882 1216 1116 1282 Visitationis:
1147 1217 1192 1280 ix.
1215 1215 1386 1281 lectiones.

174 1304 315 1371 ³Omnia
329 1307 417 1369 sicut
433 1305 466 1367 in
482 1305 591 1386 prima
612 1303 676 1381 die,
698 1313 810 1388 preter
832 1304 993 1368 lectiones
1008 1313 1042 1367 et
1059 1303 1323 1387 Responsorium
1339 1303 1383 1366 ad

177 1393 342 1457 secundas
356 1411 522 1475 vesperas.
568 1391 626 1455 Ad
641 1390 805 1454 secundas
820 1411 986 1474 vesperas,
1003 1391 1150 1455 solennis
1165 1391 1326 1455 memoria
1342 1389 1388 1452 de

176 1480 400 1562 martyribus⁴

218 1606 252 1676 (1
275 1599 372 1663 Feria
388 1598 442 1663 .vi.
458 1599 501 1662 de
517 1595 604 1661 sesto
620 1596 693 1674 loci,
709 1607 744 1661 et
760 1598 922 1661 memoria
937 1598 980 1663 de
996 1598 1221 1680 martyribus.⁴

217 1727 251 1797 (Ι
274 1718 435 1795 sabbato,
450 1719 493 1783 de
508 1727 626 1782 sancta
642 1718 770 1782 Maria:
792 1727 827 1782 et
842 1719 1005 1782 memoria
1014 1718 1058 1782 de
1068 1727 1188 1781 sancto
1200 1715 1387 1781 Benedicto

174 1817 316 1872 tanturn
362 1805 418 1870 Ad
449 1825 606 1889 vesperas
635 1806 679 1869 de
705 1804 863 1887 reliquiis,
893 1806 1054 1869 memoria
1084 1804 1148 1868 sub
1177 1803 1312 1868 silentio
1341 1803 1385 1866 de

175 1894 353 1970 dominica,
369 1903 403 1957 et
418 1892 462 1957 de
477 1892 651 1956 Trinitate.

176 2066 230 2134 Μ
245 2062 299 2135 ¹21
351 2009 1306 2181 mittiniittr{ittiimnittttti
1321 2031 1386 2161 itt

176 2185 283 2251 forma
297 2186 440 2268 (Presta,
454 2207 636 2269 quesumus,
651 2186 848 2267 omnipotens
866 2185 966 2264 Deus,
987 2195 1026 2249 vt
1045 2195 1230 2249 sanctorum
1245 2195 1388 2260 tuorum,

175 2294 313 2356 quorum
329 2273 463 2357 reliquie
477 2283 511 2337 et
526 2274 662 2356 cetera).

217 2401 251 2471 (Ι
274 2394 372 2458 Feria
400 2394 442 2457 .ii.
471 2393 515 2458 de
545 2392 643 2456 feria:
680 2399 714 2455 et
744 2391 865 2457 dicitur
899 2390 1083 2457 secundum
1119 2391 1384 2476 Responsorium

176 2480 298 2546 feriale.
344 2481 451 2545 Missa
466 2480 684 2545 dominicalis.

217 2607 253 2678 (Ι
275 2599 374 2665 Feria
388 2600 441 2664 iii.
457 2599 501 2664 de
516 2598 602 2664 festo
617 2598 689 2662 loci

216 2727 252 2798 (Ι
275 2720 304 2784 F
305 2721 374 2784 eria
389 2720 464 2797 .iiii.,
478 2719 521 2784 de
536 2729 654 2783 sancto
670 2717 866 2783 Swithuno:
890 2720 936 2783 ix.
953 2718 1114 2783 lectiones
1129 2719 1173 2783 de
1188 2719 1368 2782 communi.

218 2846 254 2917 (Ι
277 2840 375 2941 Feria
399 2861 449 2917 .v.,
474 2840 518 2905 de
548 2849 665 2903 sancto
688 2838 885 2904 Osmundo:
922 2838 968 2902 ix.
999 2837 1177 2903 lectiones:
1209 2846 1319 2903 totum
1344 2840 1390 2903 de

177 2946 357 2993 commum.

177 3053 258 3199 dal
277 3046 375 3111 Feria
392 3045 442 3110 .νὶ
459 3046 502 3109 de
517 3054 636 3109 sancto
660 3042 845 3109 Kenelmo:
866 3054 934 3108 tres
959 3044 1130 3123 lectiones,
1151 3044 1386 3109 Inuitatoriurn

201 3156 247 3219 up
260 3156 315 3199 ere

220 3262 256 3333 (Ι
276 3254 441 3331 Sabbato,
466 3253 509 3318 de
533 3260 651 3316 sancta
679 3252 797 3329 Maria,
814 3261 849 3315 et
876 3252 1037 3316 memoria
1052 3253 1095 3316 de
1111 3255 1280 3334 martyre,⁵
1295 3261 1329 3315 et
1344 3252 1390 3316 de

180 3343 335 3426 reliquiis.
379 3340 448 3405 Vbi
464 3339 549 3404 fiunt
571 3351 639 3404 tres
663 3339 1010 3415 commemorationes,
1032 3340 1066 3404 in
1088 3339 1130 3403 .ii.
1152 3338 1233 3402 feria
1248 3338 1306 3402 fiat
1320 3358 1391 3404 vna

179 3427 478 3494 commemoratio¹¹
512 3426 569 3491 Ad
585 3446 752 3509 vesperas,
762 3424 947 3509 antiphone
958 3425 1091 3489 Montes
1104 3425 1224 3500 Gelboc,
1237 3424 1387 3509 psalmus

179 3515 401 3601 Magueficat:
425 3514 586 3578 memoria
601 3511 645 3576 de
660 3513 818 3595 reliquiis,
832 3515 879 3576 et⁷
895 3514 938 3577 de
955 3512 1141 3577 Trinitate:
1163 3523 1198 3577 et
1221 3513 1391 3595 processio

179 3603 245 3669 fiat

355 3728 390 3798 ΙΙ
412 3720 592 3785 Dominica
614 3721 675 3785 ,vii
698 3728 775 3804 post
798 3719 1009 3797 Trinitatem,
1027 3720 1070 3783 de
1090 3720 1230 3783 seruicio
1246 3720 1388 3783 domini·

180 3777 195 3844 J
198 3776 233 3830 “L
249 3770 303 3843 ¹9]
355 3806 429 3872 cali.
474 3808 514 3872 In
531 3807 686 3872 laudibus
701 3827 767 3872 vna
782 3806 977 3890 antiphona.

222 3936 257 4006 ΙΙ
279 3929 378 3994 Feria
392 3930 434 3995 .ii.
449 3930 491 3993 de
506 3937 623 3992 sancta
639 3929 851 4011 Margareta:
874 3928 919 3990 ix.
935 3927 1104 3991 lectiones.

214 4138 224 4171 ¹
239 4140 349 4206 archiep.
362 4150 435 4191 mart.
793 4136 806 4167 ²
821 4136 985 4187 visitationis

215 4203 270 4244 ⁸-⁴
285 4206 328 4256 Ad
338 4222 454 4272 vesperus
465 4206 512 4255 hec
523 4206 576 4255 solu
587 4204 726 4270 antiphona
743 4204 937 4266 Etoniputris,
956 4201 1046 4268 psalmi
1058 4212 1083 4252 et
1093 4210 1177 4252 cetera
1192 4201 1256 4250 sicut
1267 4200 1292 4249 in
1304 4197 1394 4264 primis

183 4270 293 4337 vesperis
300 4271 365 4323 festi.
394 4271 437 4321 Ad
447 4270 570 4321 secundas
580 4285 705 4335 resperas,
713 4267 823 4319 solennis
834 4268 954 4318 memoria
962 4268 995 4317 de
1006 4267 1070 4318 sesto
1081 4267 1140 4328 loci,
1150 4266 1213 4317 etde
1224 4264 1390 4329 martyribusz

235 4350 253 4387 o

181 4348 224 4399 97,
255 4349 276 4386 1.
795 4332 924 4398 ‘septem
937 4333 1072 4383 Fratribus.

214 4399 226 4431 ⁵
241 4402 268 4453 S.
281 4401 421 4466 Amulpho.

211 4464 224 4563 ζ
238 4476 264 4583 ἓξ
273 4467 351 4582 elnensis:
359 4465 518 4594 ²{ipprgipioaiis
528 4465 618 4516 dicitur
630 4464 654 4515 in
666 4463 784 4530 onpitulo.
797 4463 857 4512 teria
868 4462 901 4512 vi.
914 4481 921 4512 r
939 4464 996 4512 add.
1009 4474 1051 4525 97,
1063 4476 1104 4513 οι.
