3326 5208
283 448 331 498 186
599 451 721 500 DIREC
724 452 749 499 T
747 451 874 500 ORIUM
902 450 1170 501 SACERDOTUM.

325 605 479 679 (IFeria
503 605 543 668 .ii.
570 604 612 667 de
638 615 755 666 sancto
786 604 958 686 Quintin0,
985 624 1060 665 cum
1088 612 1259 668 nocturno
1316 603 1421 664 Missa
1448 602 1491 665 de

281 691 416 774 vigilia.¹

325 809 358 878 (I
383 804 479 866 Feria
493 803 546 867 .iii.
561 803 683 866 festum
701 803 862 868 Omnium
879 803 1089 879 Sanctorum,
1106 803 1211 865 maius
1227 801 1363 884 duplex.

280 1003 416 1086 virginis
454 1003 515 1065 erit
553 1004 712 1065 memoria
743 1004 785 1065 de
822 1013 954 1079 sancto
978 1001 1161 1064 Eustachio
1198 1003 1374 1084 sociisque²
1412 1002 1492 1064 eius,

281 1089 430 1172 Vespere
446 1099 542 1152 erunt
558 1092 600 1152 de
615 1099 731 1152 sancta
746 1089 955 1153 Wenefreda.

326 1207 360 1277 «Ι
383 1203 480 1265 Feria
495 1224 532 1265 .v.
549 1204 592 1265 de
607 1212 724 1264 sancta
741 1201 950 1280 Wenesreda‚
966 1203 1012 1266 ix.
1029 1201 1209 1264 lectiones³

326 1321 360 1391 «Ι
384 1315 480 1377 Feria
496 1315 544 1377 .vi.
561 1316 603 1376 de
621 1314 705 1378 lesto
722 1314 793 1377 loci.

327 1426 545 1503 (ISabbam,
575 1427 618 1490 de
653 1436 769 1489 sancta
800 1427 916 1489 Maria.
978 1426 1033 1489 Ad
1065 1446 1229 1509 vesperas,
1261 1428 1421 1489 memoria
1451 1430 1493 1490 de

281 1515 461 1589 dominica,
476 1515 518 1576 de
533 1514 708 1590 Trinitate,
723 1534 798 1576 cum
815 1515 1034 1595 processione.

461 1632 495 1702 «Ι
518 1626 697 1688 Dominica
723 1627 773 1702 .ii.,
803 1627 845 1689 de
882 1635 999 1689 sancto
1032 1625 1218 1702 Leonard0,
1249 1627 1295 1690 ix.
1327 1627 1494 1690 lectiones.

460 1713 610 1795 Vespere
621 1723 718 1776 erunt
734 1714 776 1775 de
792 1714 886 1789 lesio,
901 1724 936 1776 et
953 1715 1113 1775 memoria
1128 1715 1171 1776 de
1186 1714 1363 1777 dominica.

328 1829 362 1899 ΕΙ
386 1825 482 1887 Feria
497 1827 536 1888 .ii.
554 1826 596 1888 de
613 1824 793 1900 loriacum
810 1826 941 1889 duobus
959 1825 1193 1907 Responsoriis
1211 1825 1398 1889 ferialibus⁴

329 1943 363 2012 (Ι
387 1937 483 1999 Feria
513 1938 565 2000 .iii.
596 1938 638 2000 de
670 1937 754 2001 sesto
791 1949 935 2019 quatuor
966 1937 1219 2015 Coronatorum,
1260 1938 1494 2001 Inuitatorium

286 2024 423 2106 duplex,
439 2035 505 2087 tres
521 2025 688 2088 lectiones.

284 2221 295 2284 1
327 2141 361 2236 (Ι
385 2136 481 2199 Feria
497 2136 561 2199 .iiii.
577 2136 620 2198 de
642 2147 760 2199 sancto
783 2135 971 2213 Theodoro,
998 2136 1230 2199 Inuitatorium
1258 2137 1413 2219 simplex,
1430 2147 1497 2201 tres

297 2233 451 2286 ectrones.

328 2341 362 2410 (I
386 2335 483 2399 Feria
498 2357 536 2398 .v.
553 2335 596 2398 de
612 2335 697 2399 festo
713 2336 785 2398 loci.

285 2533 296 2596 l
329 2448 483 2547 (lFeria
520 2448 569 2511 .vi.
602 2448 643 2510 de
681 2459 798 2511 sancto
831 2447 987 2525 Martino,
1020 2448 1253 2511 Inuitatorium
1293 2448 1420 2531 triplex,
1452 2450 1499 2512 ix.

298 2545 454 2597 ecuones.

330 2653 364 2722 (I
388 2645 546 2722 sabbato,
562 2646 606 2709 de
626 2656 742 2709 sancta
758 2647 885 2710 Maria:
922 2657 956 2711 et
984 2648 1143 2709 memoria
1167 2648 1210 2710 de
1237 2649 1374 2710 octauis.
1441 2647 1499 2711 Ad

287 2754 442 2816 vesperas
459 2732 517 2796 fiat
534 2736 694 2797 memoria
719 2735 761 2797 de
783 2735 920 2807 octauis
937 2734 980 2797 de
1004 2734 1182 2810 dominica,
1199 2743 1233 2795 et
1257 2735 1300 2796 de
1324 2735 1500 2811 Trinitate,

285 2833 321 2885 et
348 2821 515 2903 processio
543 2820 609 2884 fiat.
653 2821 720 2884 Vbi
750 2820 832 2883 fiunt
856 2832 922 2884 tres
944 2822 1289 2897 commemorationes,
1313 2822 1344 2882 in
1361 2822 1402 2885 .ii.
1418 2820 1500 2884 feria

288 2907 346 2971 fiat
361 2928 427 2970 vna
442 2908 741 2985 commemoratio,l
756 2919 790 2971 et
807 2907 1032 2991 Responsoria
1048 2908 1174 2970 ferialia
1190 2909 1483 2989 pretermittantur.

464 3026 498 3095 (I
522 3020 701 3083 Dominica
727 3020 779 3084 .iii.
803 3021 846 3083 de
870 3031 987 3084 sancto
1013 3020 1130 3097 Brici0,
1146 3030 1180 3084 et
1207 3019 1316 3083 medie
1340 3021 1500 3084 lectiones

465 3110 507 3170 de
523 3108 675 3170 octauis.⁰

330 3223 364 3292 (I
388 3218 416 3280 F
417 3219 485 3280 eria
500 3220 540 3282 .ii.
553 3219 595 3282 de
612 3219 698 3282 sesto
710 3220 772 3282 loci
788 3242 795 3282 :
819 3220 991 3282 memorial
1000 3218 1043 3282 de
1059 3219 1195 3283 octauis
1242 3218 1347 3281 Missa
1357 3217 1502 3282 domini-

285 3305 368 3368 calis
385 3305 478 3368 istius
494 3306 707 3370 hebdomade
721 3316 873 3370 cantetur
889 3308 922 3368 in
938 3306 1094 3388 capitulo,
1111 3307 1143 3368 in
1160 3307 1338 3369 dominica.

330 3422 364 3491 (I
389 3417 486 3480 Feria
501 3418 552 3481 .iii.
568 3419 611 3481 de
626 3427 743 3481 sancto
760 3418 932 3495 Machuto,
947 3418 991 3480 ix.
1007 3417 1188 3481 lectiones:
1213 3417 1322 3481 medie
1341 3417 1500 3480 lectiones

287 3505 330 3567 de
346 3514 463 3567 sancto
480 3503 636 3569 Martino.
682 3507 908 3588 Responsoria
924 3505 966 3568 de
982 3505 1131 3568 seeundo
1153 3514 1325 3568 nocturno

331 3622 365 3691 (I
389 3616 486 3679 Feria
509 3617 574 3681 .iiii.
600 3619 643 3681 de
670 3627 786 3681 sancto
814 3618 1005 3691 Edmundo,
1035 3617 1268 3680 Inuitatorium
1293 3615 1425 3699 triplex,
1453 3618 1499 3680 ix.

288 3703 457 3766 lectiones.
518 3702 671 3787 Septima
701 3704 800 3767 lectio
830 3725 905 3767 cum
937 3704 1212 3785 pronunciatione
1236 3704 1412 3787 euangelii,
1439 3704 1498 3766 sed

286 3792 415 3872 absque
431 3790 565 3855 Omelia
580 3792 730 3873 legatur,⁸
745 3793 929 3854 secundum
947 3789 1090 3854 Sarum.l
1128 3789 1185 3853 Ad
1203 3792 1338 3853 missam
1354 3791 1501 3853 dicitur1’

288 3878 344 3953 sic,
372 3876 461 3953 (Sub
489 3876 606 3941 honore
634 3878 811 3941 Edmundi
828 3879 1030 3961 confessoris)
1055 3897 1121 3940 non
1141 3878 1310 3959 presulisll
1326 3928 1333 3941 .
1350 3878 1499 3960 psalmus

287 3964 428 4027 Exaudi
439 3966 615 4028 orationem
631 3986 745 4042 meam,
759 3986 831 4027 cum
847 3966 999 4047 deprecor.

248 1642 251 1651 ·
285 1679 359 1731 Nov.
372 1673 411 1746 6.]

289 3071 362 3124 Nov.
380 3067 432 3140 13.]

322 4179 331 4211 ¹
347 4180 494 4231 admissam
505 4182 574 4230 nulla
585 4181 724 4233 memoria:
741 4183 797 4231 add.
811 4193 853 4244 97,
865 4195 906 4232 οι.
974 4179 985 4212 ²
1001 4181 1192 4246 sociorumque:
1209 4180 1249 4241 87.

320 4244 332 4276 ⁸
348 4249 380 4297 de
391 4247 536 4298 communi:
553 4248 609 4296 add.
623 4258 717 4309 97,01.
975 4246 986 4277 ⁴
1004 4247 1083 4297 Missa
1094 4246 1268 4297 dominicalist
1285 4247 1342 4295 add.
1357 4257 1451 4308 97,01.

321 4310 333 4341 ⁶
348 4321 374 4362 et
385 4323 444 4361 tunc
456 4312 532 4362 missa
542 4313 701 4362 dominicalis
711 4311 803 4362 dicitur
813 4312 839 4361 in
849 4313 959 4377 capitulo
975 4312 1002 4363 in
1013 4313 1155 4364 dominice:
1172 4313 1228 4361 add.
1242 4322 1284 4372 97,
1296 4323 1337 4359 οι.

320 4374 331 4406 ⁶
348 4377 374 4428 S.
390 4377 500 4426 Martini.
651 4376 661 4409 ⁷
677 4387 703 4427 et
714 4378 790 4440 before
801 4378 938 4428 memoria:
956 4376 997 4439 87,
1010 4377 1050 4427 88.
1200 4376 1211 4407 ⁸
1228 4378 1341 4441 legatus:
1358 4387 1399 4438 97,
1412 4388 1452 4424 01.

320 4440 331 4471 ⁹
351 4444 426 4491 Crede
437 4443 529 4500 lllr‘clrr',
541 4444 555 4502 5
569 4441 623 4503 184,
636 4458 679 4508 pp.
695 4441 735 4505 78,
749 4454 788 4505 79.
824 4442 864 4493 Cl'.
878 4444 954 4492 Brcv.
969 4448 1071 4492 Samni.
1086 4442 1120 4491 iii.
1138 4452 1207 4506 1057.

321 4505 342 4536 ¹⁰
358 4507 470 4557 dicatur:
488 4506 528 4557 88.
930 4506 949 4538 ¹¹
967 4510 1072 4557 Mr'ssalc
1083 4514 1141 4558 Sar.
1156 4524 1180 4573 p.
1195 4506 1244 4570 969
1255 4506 1327 4557 reads
1341 4508 1359 4533 “
1369 4504 1501 4572 presulis''
