3372 5224
617 404 800 466 QUINTUM
816 404 850 454 B.
884 405 940 453 retr.
954 404 1014 453 viu'.
1369 400 1416 462 167

256 561 291 631 (Ι
313 557 410 619 Feria
425 557 465 621 .ii.
480 558 523 620 de
539 557 624 620 sesto
639 557 711 620 loci.

256 673 291 744 Q
314 669 411 732 Feria
426 669 476 731 .iii.
492 670 535 732 de
550 679 666 733 sancta
682 668 826 753 Brigida,
841 689 918 732 cum
935 667 1160 751 Responsorio
1175 667 1292 730 Induit
1305 687 1362 730 me.

215 887 371 950 vesperas
386 867 604 945 Letabundus,
619 877 654 931 et
669 868 752 931 nihil
768 870 810 932 de
826 878 943 933 sancto
958 867 1079 930 Blasio.

257 985 291 1055 (Ι
314 980 411 1042 Feria
437 1001 474 1043 .v.
497 979 539 1042 de
559 991 680 1043 saneto
706 980 828 1055 Blasio,
852 979 1086 1043 Inuitatorium
1110 977 1247 1061 duplex,
1261 988 1327 1040 tres
1353 977 1418 1040 lec-

214 1067 330 1129 tiones
376 1067 568 1149 Capitulum
587 1066 703 1132 Omne
708 1068 863 1148 pontifex.

255 1184 290 1254 (Ι
312 1179 409 1242 Feria
423 1179 472 1242 .vi.
489 1179 531 1242 de
547 1188 662 1242 sancta
678 1179 793 1243 Maria.

257 1296 291 1366 (Ι
314 1289 474 1365 sabbato,
490 1291 532 1353 de
554 1301 670 1353 saneta
694 1289 840 1374 Agatha,
863 1310 984 1353 nouem
1009 1290 1178 1353 lectiones.
1223 1287 1416 1371 Capitulum
1478 1304 1481 1311 ·

217 1377 400 1460 confitebor.
445 1377 513 1440 Vbi
529 1376 613 1477 liunt
628 1388 694 1441 tres
712 1378 1058 1455 commemorationes,
1073 1378 1107 1439 in
1130 1376 1232 1440 tercia
1255 1375 1336 1439 seria
1358 1374 1416 1437 fiat

213 1485 280 1528 vna
295 1474 578 1529 commemoratro.

388 1581 422 1651 (Ι
445 1576 624 1640 Dominica
664 1577 727 1639 .iiii.
768 1577 811 1640 de
855 1578 994 1640 seruicio
1035 1575 1235 1639 dominicali.
1302 1573 1416 1638 Medie

216 1626 284 1810 ἴδ’
297 1624 336 1696 ⁶·]
389 1663 546 1726 lectiones
576 1663 618 1728 de
644 1662 910 1727 confessoribus¹
978 1664 1017 1727 In
1051 1662 1206 1726 laudibus
1235 1681 1301 1725 vna
1331 1661 1417 1723 anti-

212 1768 333 1831 pona.

254 1867 287 1936 (Ι
311 1862 409 1924 Feria
423 1862 463 1924 .ii.
479 1863 522 1925 de
538 1862 625 1925 feria
673 1863 777 1925 Missa
794 1862 896 1926 Salus
902 1862 1024 1944 populi,
1040 1871 1102 1926 etc.

254 1978 287 2047 (Ι
311 1974 409 2036 Feria
424 1974 475 2036 .iii.
490 1975 533 2038 de
548 1973 634 2037 sesto
651 1974 722 2037 loci.

253 2091 288 2161 (Ι
311 2085 408 2148 Feria
422 2086 487 2148 .iiii.
502 2087 545 2149 de
561 2085 648 2149 seria.
694 2086 919 2170 Responsoria
933 2087 1082 2150 eiusdem
1100 2083 1200 2148 serie.l

213 2286 223 2348 l
254 2203 289 2273 (Ι
313 2199 409 2261 Feria
432 2220 469 2261 .v.
494 2199 536 2262 de
561 2210 676 2262 sancta
701 2196 894 2278 Scolastica,
922 2198 1156 2262 Inuitatorium
1180 2195 1335 2279 simplex,
1350 2203 1416 2258 tres

225 2288 381 2348 ectiones

254 2398 409 2472 (IFeria
431 2398 482 2461 .vi.
506 2399 549 2461 de
575 2397 663 2462 seria
709 2399 932 2481 Responsoria
955 2398 1104 2461 eiusdem
1131 2397 1218 2460 ferie.
1263 2395 1417 2479 Epistola

212 2496 246 2548 et
261 2485 471 2566 euangelium
488 2485 530 2548 de
545 2488 662 2550 eadem
679 2484 767 2549 feria

255 2602 288 2671 (Ι
311 2595 471 2669 Sabbato,
484 2597 526 2659 de
537 2607 658 2665 ,sancta
672 2598 786 2660 Maria.
821 2596 888 2659 Vbi
900 2595 984 2659 fiunt
996 2605 1062 2659 tres
1071 2596 1415 2669 commemorationes,

214 2683 247 2744 in
264 2686 303 2746 .ii.
320 2683 401 2746 teria
417 2682 474 2746 fiat
489 2704 555 2746 vna
570 2684 853 2747 commemoratio,

388 2801 422 2871 (Ι
445 2795 624 2858 Dominiea
647 2818 694 2873 .v.,
709 2797 751 2859 de
775 2795 916 2858 seruicio
940 2795 1142 2859 dominicali
1200 2794 1239 2857 In
1263 2792 1416 2858 laudibus

388 2903 505 2961 omnes
520 2882 703 2964 antiphone
718 2883 895 2946 dicuntur.⁸

256 2999 289 3068 (Ι
313 2993 410 3058 Feria
431 2994 472 3056 .ii.
494 2995 537 3057 de
560 3006 675 3058 sancto
701 2994 892 3068 Valentino,
917 2993 1150 3057 Inuitatorium
1173 2994 1328 3075 simplex,
1350 3002 1417 3056 tres

213 3080 380 3143 lectiones.
425 3080 618 3165 Capitulum
632 3080 700 3144 Iste
713 3091 851 3144 sanetus.

255 3197 288 3266 (Ι
313 3192 410 3255 Feria
425 3194 476 3256 .iii.
492 3194 534 3256 de
550 3193 636 3256 sesto
652 3194 724 3256 loci.

214 2845 283 2900 Feb.
300 2842 353 2914 13]

212 3390 319 3454 tulum
335 3391 475 3455 Domine
490 3391 580 3454 Deus
595 3412 691 3469 mem,
707 3402 773 3454 tres
789 3390 957 3454 lectiones.

255 3508 288 3577 (Ι
313 3503 409 3566 Feria
423 3525 462 3567 .v.
478 3504 520 3566 de
536 3503 624 3567 feria
670 3504 786 3566 Missa⁴
801 3512 918 3585 quarte
941 3502 1028 3565 ferie.

254 3621 288 3691 (Ι
311 3615 406 3677 Feria
421 3616 471 3678 .vi.
487 3617 529 3679 de
545 3616 632 3678 seria
677 3613 831 3698 Epistola
846 3624 879 3677 et
895 3614 1106 3698 euangelium
1121 3613 1269 3676 eiusdem
1286 3613 1372 3677 serie.

254 3733 287 3802 (Ι
312 3725 472 3805 sabbato,
485 3727 528 3791 de
536 3736 653 3790 sancta
666 3728 781 3790 Maria
819 3726 887 3790 Vbi
899 3724 984 3790 fiunt
995 3737 1062 3789 tres
1074 3727 1417 3803 commemorationes,

212 3813 246 3876 in
262 3837 300 3876 .v.
316 3813 397 3877 seria
412 3813 471 3877 fiat
486 3834 551 3877 vna
573 3814 855 3877 commemoratio.

255 3932 289 4002 (Ι
314 3925 353 3988 In
370 3926 471 3988 missa
485 3924 549 3988 hoc
564 3925 718 3988 sabbato⁶
735 3923 773 3986 K
762 3926 838 4004 yrie
850 3924 1052 4005 omnipotens,
1070 3922 1218 4005 Speiitus
1230 3933 1263 3987 et
1274 3924 1368 4002 altere,
1382 3934 1418 3988 et

212 4013 404 4078 Benedictus
416 4012 460 4075 M
460 4012 532 4075 arie
536 4010 644 4095 filius.

247 4265 256 4296 ¹
274 4267 319 4318 SS.
333 4265 445 4316 vedasto
455 4273 480 4315 et
491 4265 617 4315 Amando.

245 4330 258 4362 ²
274 4332 388 4397 Epistola
399 4341 424 4381 et
435 4330 591 4396 euangelium
602 4329 713 4380 eiusdem
725 4329 785 4379 serie
797 4347 806 4380 ι
822 4329 878 4378 add.
891 4339 933 4390 97,
944 4340 985 4378 01.

247 4395 258 4427 ³
273 4397 405 4447 dieantur:
422 4395 462 4445 88.
852 4393 863 4423 ⁴
879 4403 904 4443 et
914 4393 993 4458 lesere
1002 4392 1097 4444 missus
1113 4391 1155 4454 87,
1166 4390 1207 4443 88.

246 4461 361 4513 lcantus
371 4477 462 4528 seper:
478 4462 534 4511 add.
548 4473 589 4524 97,
601 4473 641 4511 01.
