3372 5224
283 377 331 428 160
590 376 865 427 DIRECTORIUM
882 376 1149 426 SACERDOTUM.

457 535 490 605 (Ι
514 529 693 593 Dominica
717 529 780 592 iiii.
805 538 881 612 post
913 529 1025 605 Pasca,
1047 529 1090 592 de
1113 529 1253 593 seruicio
1283 529 1482 595 dominicali.

284 577 422 651 May15·]
460 616 684 700 Responsoria
701 615 746 679 Si
757 616 881 679 oblitus.

323 754 480 903 l(JFeria
494 754 535 817 ‚ii
558 754 600 817 de
623 753 711 817 seria.
757 753 981 836 Responsoria
1004 752 1167 817 Narrabo.
1213 753 1316 817 Missa
1342 754 1484 818 domini·

283 859 323 903 ca
336 860 371 903 rs.

327 983 362 1054 ΙΙ
384 977 480 1041 Feria
495 977 546 1040 ,iii
562 978 604 1041 de
620 976 705 1040 sesto
720 976 791 1040 loci.

327 1115 482 1190 (IFeria
511 1113 572 1178 ‚iiii
603 1114 645 1177 de
683 1113 771 1177 seria.
825 1114 1050 1197 Responsoria
1080 1114 1123 1177 de
1153 1115 1202 1177 iii.
1242 1113 1322 1178 feria
1358 1113 1484 1179 scilicet

284 1201 464 1283 Hymnum.
510 1201 663 1285 Epistola
678 1211 712 1264 et
727 1201 937 1286 euangelium
954 1202 1103 1265 eiusdem
1116 1201 1203 1265 serie.

327 1361 360 1431 (Ι
384 1355 479 1418 Feria
492 1376 528 1418 .v.
544 1354 586 1419 de
601 1364 717 1418 sancto
733 1356 922 1432 Dunstano,
937 1362 972 1418 et
987 1354 1148 1418 memoria
1163 1355 1206 1418 de
1221 1354 1341 1437 vigilia.

328 1515 362 1585 (Ι
386 1509 482 1572 Feria
497 1508 546 1574 .vi.
562 1507 605 1571 de
621 1507 709 1572 seria.
756 1508 981 1591 Responsoria
996 1507 1048 1571 de.
1061 1509 1117 1571 iiii.
1130 1507 1218 1583 seria,
1233 1508 1360 1572 scilicet
1374 1508 1489 1572 Deduc

286 1617 343 1662 me.
359 1650 362 1655 i

328 1739 363 1810 {I
386 1732 543 1807 Sabbato,
560 1733 603 1797 de
612 1742 728 1795 sancta
741 1731 856 1795 Maria.
894 1731 962 1796 Vbi
975 1728 1059 1796 fiunt
1074 1742 1141 1796 tres
1151 1733 1485 1796 commemorationes

287 1820 331 1906 [g.
348 1818 424 1902 iiii]
441 1821 474 1883 in
490 1819 553 1882 iiii.
569 1817 650 1882 seria
665 1818 723 1882 fiat
737 1838 803 1882 vna
818 1819 1111 1883 commemoratio:
1136 1818 1181 1883 Et
1197 1827 1276 1882 tunc
1291 1819 1325 1882 in
1341 1820 1390 1882 .vi.
1407 1818 1486 1883 feria

286 1909 453 1972 dicuntur⁸
470 1906 695 1989 Responsoria
709 1906 753 1969 de
768 1907 819 1970 iii.
835 1906 923 1978 feria,
939 1905 1065 1970 scilicet
1080 1904 1261 1986 Hymnum.

462 2065 497 2136 ΙΙ
520 2059 697 2124 Dominica
712 2081 748 2123 .v.
765 2068 842 2143 post
858 2059 970 2138 Pasca,
985 2059 1027 2123 de
1049 2059 1188 2123 seruicio
1204 2058 1403 2123 dominicali.
1451 2059 1489 2121 In

289 2113 358 2181 May
371 2108 427 2181 ²²¹]
463 2147 616 2210 laudibus
631 2167 748 2210 omnes
763 2146 946 2230 antiphone
960 2147 1136 2211 dicuntur.²

329 2306 363 2376 (Ι
387 2301 483 2363 Feria
503 2301 542 2363 ii.
559 2301 601 2363 de
617 2299 704 2375 seria,
721 2321 796 2363 cum
813 2301 1025 2384 expositione
1047 2300 1219 2382 euangelii.
1266 2299 1490 2383 Responsoria

289 2387 451 2464 Narrabo,
466 2408 542 2450 curn
563 2387 674 2451 feriali.
720 2387 849 2450 Tamen
874 2387 929 2451 vbi
953 2386 1036 2452 fiunt
1059 2398 1126 2451 tres
1148 2388 1491 2461 commemorationes,

288 2485 367 2538 tunc
383 2475 415 2537 in
433 2476 496 2538 ista
519 2474 599 2537 seria
614 2474 654 2537 .ii.
677 2472 845 2539 dicuntur⁹
867 2476 1092 2556 Responsoria
1115 2474 1158 2537 de
1174 2475 1237 2537 iiii.
1254 2473 1343 2552 l'eria,
1365 2473 1490 2538 scilicet

288 2562 401 2625 Deduc
421 2582 480 2625 ma
526 2562 572 2624 Et
588 2562 849 2644 Responsorium
866 2562 993 2626 Dicant
1005 2583 1092 2625 nunc
1105 2562 1287 2625 omittatur.

247 2787 249 2789 ι
330 2704 365 2775 {I
388 2699 484 2763 Feria
499 2699 551 2764 iii.
567 2700 609 2763 de
624 2708 741 2762 sancta
759 2698 876 2763 Maria.

331 2837 484 2913 (IFeria
514 2836 576 2899 iiii.
607 2836 649 2900 de
685 2844 801 2900 sancto
840 2835 1007 2910 Aldelm0‚
1039 2848 1072 2899 et
1103 2837 1263 2899 memoria
1291 2836 1334 2899 ad
1367 2836 1491 2918 primas

290 2943 443 3006 vesperas
458 2925 501 2986 de
516 2933 632 2986 sancto
654 2922 801 2996 Vrbano‚
817 2934 852 2987 et
874 2923 916 2986 de
939 2924 1185 2986 resurrectione.
1233 2923 1301 2988 Sed
1323 2922 1366 2986 ad
1383 2932 1489 2984 matu·

289 3011 385 3085 tinas,
401 3011 561 3072 memoria
584 3011 627 3073 de
643 3019 797 3092 martyre,
813 3021 847 3074 et
869 3011 912 3073 de
927 3010 1053 3092 vigilia³
1075 3019 1217 3073 tantum.
1263 3010 1318 3074 Ad
1335 3028 1490 3091 vesperas

290 3097 449 3161 memoria
465 3098 507 3160 de
521 3107 639 3160 sancto
655 3096 815 3160 Aldelmo
831 3096 894 3160 sub
908 3096 1065 3160 silentio.⁴

330 3256 365 3327 ΙΙ
388 3251 484 3314 Feria
500 3272 536 3312 .v.
553 3250 623 3314 dies
640 3249 864 3325 Ascensionis,
877 3248 1000 3313 festum
1017 3249 1206 3333 principale.
1254 3250 1309 3314 Ad
1326 3268 1491 3332 vesperas,

288 3337 433 3402 solennis
449 3337 607 3400 memoria
622 3337 666 3400 de
680 3349 797 3401 sancto
814 3337 1015 3419 Augustino.

289 3580 311 3643 d
332 3498 367 3569 ΙΙ
388 3490 497 3611 Ὲεῃὶαό
509 3491 559 3554 .vi.
574 3490 617 3553 de
637 3501 753 3554 sancto
780 3490 995 3573 Augustin0,²
1015 3490 1154 3553 Inferius
1177 3489 1315 3573 duplex.
1331 3490 1490 3553 memoria

314 3599 332 3643 e
347 3587 482 3642 oetaurs.

332 3720 367 3791 {I
389 3714 548 3789 Sabbat0,
564 3714 607 3777 dc
630 3714 853 3777 octauis.tres
875 3714 1041 3778 lectiones.
1089 3713 1219 3787 Psalmi,
1243 3712 1435 3795 antiphone,
1457 3722 1491 3775 et

291 3803 515 3886 Responsoria
538 3801 580 3864 de
604 3802 653 3864 .vi.
677 3801 775 3863 leria:
806 3802 980 3865 memoria⁰
1006 3803 1048 3864 de
1071 3811 1188 3864 sancto
1212 3799 1388 3864 Germano.
1434 3799 1490 3862 Ad

289 3909 444 3973 vesperas
460 3888 551 3951 nulla
568 3889 733 3951 memoria.
1220 3888 1223 3895 '

323 4173 331 4206 ¹
349 4175 443 4241 virgine
454 4175 492 4237 [S.
508 4174 681 4237 Potentiana12
699 4186 740 4236 97,
752 4187 793 4224 01.
1132 4172 1143 4204 ⁹
1159 4174 1289 4225 dicantur:
1308 4172 1348 4223 88.

322 4240 333 4272 ³
349 4241 440 4291 ieiunio
450 4242 492 4298 sor
501 4240 601 4305 vigilie:
619 4253 660 4302 97,
672 4253 701 4290 01
714 4259 721 4291 t
738 4239 898 4290 Ascentionis
911 4239 1022 4290 Domini.

322 4305 333 4336 ⁴
349 4307 410 4357 fiat:
427 4307 483 4355 odd.
497 4304 537 4367 87,
551 4305 590 4354 88.
1134 4304 1144 4334 ⁶
1161 4304 1327 4356 Ascentionis.

322 4369 334 4401 ⁸
350 4383 375 4421 et
386 4371 463 4436 before
473 4370 608 4420 memoria:
626 4368 667 4431 87,
680 4369 719 4419 88.

323 4436 334 4469 ⁷
350 4437 376 4487 S.
391 4438 539 4501 Augustine,
552 4435 700 4485 transferred
713 4436 775 4485 lrorn
788 4435 879 4500 (Holy)
892 4435 1033 4500 Thursday.
