3316 5220
268 477 321 529 300
600 464 874 515 DIREcronlw!
901 465 945 514 SA
951 464 1106 515 CERDOY
1105 465 1168 513 (JM.

316 622 350 692 (Ι
373 617 471 680 Feria
485 617 538 681 iii.
554 620 596 681 de
613 616 698 681 sesto
714 615 786 693 loci,
803 627 837 681 et
853 618 1015 681 memoria
1030 618 1073 680 de
1088 617 1236 701 virgine.¹

273 823 418 906 triplex:
441 825 486 889 ix.
502 823 682 889 lectiones:
705 825 867 890 memoria
881 825 924 889 de
939 824 1086 890 abbate.2

315 949 349 1019 (Ι
373 944 470 1008 Feria
484 967 533 1022 tvo,
547 946 591 1009 de
606 954 723 1009 sancta
740 945 858 1023 Maria,
873 954 907 1010 et
924 946 1086 1009 memoria
1099 945 1144 1009 de
1160 947 1328 1028 martyre⁸

315 1070 349 1141 (Ι
373 1065 470 1129 Feria
495 1065 544 1128 ,vi
572 1063 616 1128 de
641 1073 758 1129 sancta
785 1065 939 1141 Cristina‚
966 1084 1043 1128 cum
1067 1073 1239 1147 nocturno.
1284 1063 1483 1147 Capitulum

273 1151 460 1234 Confitebor.
505 1152 612 1216 Missa
627 1152 670 1215 de
685 1152 823 1235 vigilia.⁴

314 1278 349 1348 (Ι
372 1270 531 1349 Sabbato,
546 1272 590 1336 de
604 1281 722 1336 sancto
746 1272 878 1350 Iacobo,
902 1272 1042 1337 Inferius
1058 1271 1196 1356 duplex.
1241 1271 1298 1336 Ad
1314 1290 1484 1354 vesperas,

271 1358 420 1423 solennis
442 1362 603 1422 memoria
627 1359 671 1423 de
694 1368 811 1422 sancta
836 1358 957 1424 Anna:
980 1361 1028 1424 et⁵
1052 1360 1214 1423 memoria
1234 1359 1278 1424 de
1301 1358 1483 1428 dominica,

269 1444 459 1525 antiphona
474 1446 549 1508 Rex
560 1455 670 1509 autem
685 1445 825 1510 Dauid:
848 1457 882 1510 et
904 1446 948 1509 de
964 1446 1130 1511 Trinitate
1145 1447 1208 1511 sub
1223 1445 1367 1523 silentio,
1389 1443 1483 1509 fiant.

272 1531 388 1597 Nulla⁶
403 1533 579 1615 processio.

448 1659 483 1729 (Ι
506 1653 685 1718 Dominica
700 1654 783 1731 .viii,
799 1663 908 1719 totum
925 1655 968 1718 de
982 1663 1099 1719 sancta
1115 1655 1226 1729 Anna,
1245 1652 1481 1717 Inuitatorium

272 1700 396 1774 1ὼὰ]
449 1740 596 1823 triptex!

315 1864 349 1934 (Ι
373 1859 471 1924 Feria
493 1861 533 1924 .ii.
558 1861 601 1926 de
626 1861 765 1945 Septem
791 1861 1055 1935 DormientibuS,
1081 1862 1315 1925 Inuitatorium
1331 1861 1483 1944 duplex:

272 1956 340 2010 tres
356 1944 525 2012 lectiones.
570 1947 690 2012 ¹Missa
706 1949 768 2012 erit
783 1949 827 2014 de
842 1949 1035 2013 dominica.⁸

316 2072 352 2143 (Ι
375 2067 472 2132 Feria
487 2068 539 2132 iii.
556 2069 599 2132 de
615 2068 702 2134 festo
717 2068 791 2147 loci,
806 2077 841 2134 et
856 2071 923 2134 due
939 2070 1122 2134 memorie.¹

317 2188 471 2263 {Feria
512 2188 576 2253 ,iiii
615 2188 659 2254 de
686 2190 923 2273 martyribus.¹⁰
983 2190 1210 2274 Responsoria
1251 2190 1293 2254 de
1331 2190 1482 2253 secundo

270 2283 445 2340 nocturno.
507 2277 742 2341 Inuitatorium
780 2277 926 2360 duplex:
963 2285 1031 2341 tres
1069 2277 1246 2341 lectiones:
1285 2276 1481 2359 Capitulum

275 2360 394 2425 Sancti
398 2373 462 2444 per
464 2362 579 2445 fidem.

315 2486 349 2556 (Ι
374 2482 471 2546 Feria
491 2505 529 2546 ‚u
552 2483 596 2547 de
619 2483 820 2567 martyribus
843 2483 969 2548 Abdon
994 2492 1027 2548 et
1051 2483 1195 2549 Sennen.
1242 2483 1482 2549 Inuitatorium

269 2568 422 2651 duplex:
446 2579 512 2633 tres
528 2569 698 2634 lectiones.

315 2694 351 2765 (Ι
373 2689 470 2753 Feria
484 2690 544 2768 .vi.,
559 2692 602 2755 de
617 2701 734 2756 sancta
752 2691 869 2769 Maria,
885 2702 919 2756 et
935 2692 1096 2756 memoria
1112 2693 1155 2755 de
1170 2700 1288 2756 sancto
1301 2690 1481 2756 Germano,

269 2897 294 2959 d
315 2816 349 2886 (Ι
373 2808 533 2911 Sapbato
542 2811 586 2875 de
594 2821 712 2876 sancto
725 2813 862 2877 Petroz¹¹
880 2812 1115 2878 Inuitatorium
1128 2812 1261 2895 triplex,
1272 2822 1307 2877 et
1320 2812 1484 2876 memoria

237 2938 240 2939 ν
296 2908 462 2961 esanctrs.

316 3022 352 3093 (Ι
372 3017 441 3082 Vbi
472 3018 556 3083 fiunt
593 3032 660 3083 tres
691 3020 1040 3100 commemorationes,
1070 3022 1103 3083 in
1133 3043 1173 3085 .v.
1211 3020 1293 3084 feria
1323 3018 1380 3083 fiat
1410 3040 1481 3083 vna

271 3107 559 3170 commemoratio.

317 3230 351 3300 (Ι
375 3224 432 3288 Ab
447 3224 510 3291 hac
525 3226 581 3290 die
605 3248 710 3310 usque
733 3229 777 3292 ad
802 3228 1028 3311 inceptionem
1052 3226 1189 3292 historie
1204 3227 1367 3309 (Domine,
1383 3248 1423 3291 nc
1445 3229 1483 3290 in

271 3311 343 3395 ira)
357 3312 540 3395 accipiatur
554 3325 689 3378 sextum
706 3313 749 3393 D,
766 3335 827 3398 pro
843 3315 954 3380 littera
969 3314 1171 3380 dominicali.

306 3558 314 3589 ¹
332 3560 358 3611 S.
378 3562 496 3612 meede.
932 3562 987 3614 ²¹8.
1000 3564 1198 3629 Wandragesilo.

305 3625 568 3753 ἓῗῑΑτξιξιιὲίΨξόι
931 3628 1117 3745 ¹{trlriiiib¹8
1155 3693 1187 3743 88

306 3755 316 3787 ⁷
333 3707 412 3807 Mira
422 3705 579 3808 doniiri’calis
590 3758 678 3808 dicitur
691 3759 715 3808 in
727 3759 856 3824 capitulo:
873 3770 914 3821 97,
927 3772 967 3809 οι.
1076 3732 1083 3744 ¹
1119 3705 1143 3756 ⁷⁹

305 3820 359 3858 ’Δ
390 3838 437 3873 om.
450 3833 491 3885 97,
504 3836 544 3873 or.
933 3822 1021 3875 ¹Uno
1032 3824 1064 3875 de
1076 3825 1102 3876 S.
1117 3825 1246 3876 Samsone.

305 3885 326 3915 ¹⁰
342 3886 388 3939 SS.
404 3887 486 3938 Felice
497 3898 544 3938 etc.
929 3887 947 3919 ¹¹
964 3889 998 3940 ad
1010 3889 1116 3940 vincula„
