3316 5220
525 704 697 777 88118ῑῖ11111
718 708 764 771 D·
809 708 889 792 xvij.
906 711 950 773 ix.
966 710 1010 790 vj.
1026 711 1043 773 i.

222 843 377 927 [Epacte,
392 855 444 923 25,
460 844 512 919 26,
527 842 577 917 28,
594 858 647 922 29,
660 843 743 922 stylo
768 844 929 925 antiquo,·
962 858 991 921 2,
1008 860 1036 925 3,
1051 862 1082 923 4,
1111 858 1139 924 5,
1156 843 1186 921 6,
1209 860 1238 924 7,
1262 845 1291 922 8,
1305 844 1388 925 stylo

179 929 337 997 nrodemo.
381 929 518 1007 Pascha,
534 927 617 1012 Apr.
633 928 705 1012 xii]

219 1072 253 1143 1[
277 1065 375 1130 Feria
396 1065 473 1129 .iiii.¹
498 1065 532 1128 in
559 1065 706 1128 crastino
735 1073 932 1129 octauarum
964 1065 1164 1150 Epiphanie,
1194 1069 1237 1131 de
1267 1078 1385 1133 sancto

177 1152 296 1217 Felice.
343 1152 579 1217 Inuitatorium
595 1151 760 1236 simplex:
775 1161 842 1216 tres
854 1152 1034 1217 lectiones:
1058 1153 1253 1236 Capitulum
1268 1153 1388 1219 Omnis·

168 1240 328 1322 pontiser.
375 1240 414 1304 In
432 1239 534 1303 missa
549 1238 717 1303 dicuntur'
732 1239 879 1322 quinque
891 1239 1037 1304 collecte.

218 1367 253 1437 ΙΙ
275 1360 374 1424 Feria
389 1382 428 1425 .v.
444 1360 487 1424 de
502 1358 590 1424 sesto
604 1358 679 1437 loci,
693 1368 728 1424 et
743 1360 905 1424 memoria
920 1361 963 1425 de
978 1370 1097 1425 sancto
1114 1361 1296 1425 Marcello.³

217 1486 253 1557 (Ι
277 1480 345 1544 Hic
361 1480 523 1564 incipiunt
539 1479 695 1562 Exequie
712 1479 932 1544 Mortuorum.

217 1607 252 1677 ΙΙ
275 1600 437 1665 Feria.vi.
457 1599 501 1663 de
524 1611 642 1663 sancto
667 1599 838 1675 Marcello,
864 1599 1101 1665 Inuitatorium
1127 1601 1293 1685 simplex:
1317 1612 1386 1666 tres

175 1686 344 1752 lectiones
389 1686 582 1770 Capitulum
602 1686 720 1752 Omnis
727 1687 886 1768 pontefex.

217 1813 253 1884 (Ι
275 1807 437 1885 Sabbato,
452 1807 495 1870 de
510 1816 627 1871 sancta
643 1806 760 1882 Maria,
776 1817 811 1871 et
827 1807 988 1873 memoria
1003 1807 1047 1871 de
1061 1816 1181 1872 sancto
1196 1806 1350 1891 Sulpitio.

217 1934 252 2004 ΙΙ
275 1927 343 1991 Vbi
373 1926 457 1991 fiunt
487 1936 555 1992 tres
583 1927 929 2003 commemorationes,
959 1928 992 1990 in
1031 1927 1080 1990 .vi.
1119 1926 1199 1991 feria
1229 1926 1289 1991 fiat
1318 1948 1386 1992 vna

174 2014 458 2079 commemoratio.

350 2132 536 2210 QLittera
572 2133 777 2197 dominicali⁴
813 2133 858 2210 D,
895 2133 1027 2199 decimo
1060 2134 1179 2217 quinto
1222 2133 1384 2199 kalendas

175 2185 238 2253 5³¹¹·
254 2181 308 2254 ¹⁸⁶]
352 2220 532 2297 Februarii,
577 2221 758 2285 Dominica
800 2220 927 2285 scilicet
972 2221 1080 2305 prima
1124 2230 1201 2305 post
1245 2231 1383 2285 octauaS

177 2305 375 2389 Epiphanie,
400 2307 582 2384 inchoetur,
606 2317 641 2373 et
664 2317 737 2371 tota
761 2317 923 2384 cantetur,
946 2307 1084 2371 historia
1109 2307 1264 2390 (Domine
1286 2329 1325 2371 ne
1347 2309 1385 2371 iu

175 2392 251 2474 ira).
298 2393 344 2458 Et
366 2393 426 2459 fiat
448 2395 611 2459 memoria
632 2404 765 2459 tantum
789 2396 831 2459 de
853 2404 971 2459 sancta
994 2394 1117 2459 Prisca.
1165 2395 1203 2458 In
1227 2395 1383 2459 laudibus

174 2499 292 2543 omnes
307 2482 491 2566 antiphone
512 2481 673 2546 dicantur.
719 2480 869 2565 Vespere
890 2490 989 2546 erunt
1004 2482 1047 2545 de
1061 2490 1180 2545 sancto
1195 2482 1385 2559 Wulstano,

175 2575 209 2631 et
226 2570 387 2633 memoria
402 2571 445 2634 de
460 2567 639 2645 dominica,
654 2578 689 2633 et
705 2570 748 2633 de
762 2578 880 2633 sancta
897 2568 1013 2631 Maria.

216 2694 250 2764 (Ι
273 2687 303 2751 F
303 2689 372 2752 cria
386 2689 427 2753 ‚it
443 2687 487 2753 de
501 2696 619 2752 sancto
634 2687 832 2752 Wulstano:
856 2689 900 2752 ix.
916 2687 1076 2752 lectiones
1093 2689 1136 2752 de
1151 2689 1329 2753 communi.

216 2814 252 2885 (Ι
274 2809 373 2872 Feria
394 2809 446 2873 iii.
469 2809 512 2874 de
533 2809 658 2872 sanctis
681 2808 834 2873 Fabiano
856 2817 890 2873 et
913 2807 1131 2874 Sebastiano:
1154 2809 1199 2872 ix.
1215 2808 1384 2874 lectiones.

175 2894 370 2980 Capitulum
385 2895 552 2960 lustenam
567 2895 684 2959 anime.

216 3023 252 3093 (f
274 3016 373 3081 Feria
392 3016 457 3080 iiii.
478 3017 522 3080 de
551 3025 668 3079 sancta
698 3016 854 3099 Agnete:
893 3016 937 3080 ix.
969 3016 1149 3081 lectiones:
1187 3014 1381 3099 Capitulum

175 3102 360 3187 confitebor.

215 3231 250 3301 ΙΙ
273 3224 370 3287 Feria
385 3245 425 3287 .v.
439 3223 483 3287 de
498 3231 616 3287 sancto
630 3222 831 3288 Vincentio:
855 3222 901 3287 ix.
916 3221 1085 3286 lectiones.

213 3350 247 3420 (1
271 3344 368 3408 Feria
383 3343 434 3408 .vi.
448 3344 491 3407 de
507 3343 594 3407 festo
609 3343 682 3407 loci.

215 3469 250 3539 ΙΙ
273 3462 435 3540 Sabbato,
450 3463 494 3527 de
508 3473 625 3527 sancta
643 3462 758 3526 Maria.

349 3589 383 3659 ΙΙ
407 3583 587 3647 Dominica
602 3583 656 3646 .ii.⁶
671 3592 780 3647 totum
804 3582 848 3645 de
869 3590 987 3645 sancto
1011 3581 1125 3657 Paulo,
1147 3581 1381 3645 Inuitatorium

173 3636 236 3820 ξω·
250 3630 306 3704 ²⁵¹]
349 3669 493 3819 trhiiplesr:
516 3669 677 3733 memoria
698 3669 741 3732 de
762 3678 881 3733 sancto
904 3668 1074 3732 Preiecto:
1097 3669 1140 3733 de
1155 3666 1332 3746 dominica,
1348 3678 1382 3732 et

196 3765 349 3821 esancta
406 3777 484 3821 arra.

170 3883 251 4028 call}
274 3876 372 3941 Feria
386 3877 427 3940 ‚it
443 3875 486 3941 de
502 3875 591 3940 feria
637 3874 864 3958 Responsoria
887 3874 1075 3938 decadem.
1123 3875 1228 3938 Missa
1240 3875 1383 3940 domini·

224 3986 260 4028 rs

215 4089 251 4159 (l
274 4084 371 4149 Feria
397 4083 449 4147 ‚iit
476 4083 520 4147 de
545 4091 663 4146 sancto
695 4081 836 4158 Iuliano,
869 4081 1104 4146 Inuitatorium
1136 4080 1285 4165 duplex:
1314 4090 1382 4144 tres

175 4171 342 4236 lectiones
388 4169 582 4254 Capitulum
598 4169 679 4234 Ecce
689 4169 843 4233 sacerdos.

206 4388 216 4420 ¹
233 4389 288 4440 iii.z
305 4401 347 4451 97,
359 4401 400 4438 ot.
826 4382 838 4414 ⁹
853 4384 984 4434 dicantur:
1001 4383 1042 4435 88.

206 4454 218 4486 ³
233 4455 260 4506 S.
276 4455 374 4513 Mauro,
386 4453 428 4515 87,
440 4451 481 4503 88.
826 4449 837 4481 ⁴
852 4449 1027 4501 dominicalis:
1044 4461 1086 4512 97,
1099 4462 1139 4499 01.

205 4519 218 4551 ⁵
233 4530 290 4587 port
300 4529 349 4571 oct
365 4517 515 4586 Epiphania
