3326 5208
534 470 752 522 SECUNDlLl!
772 471 800 521 C.
834 471 912 520 xm'ii.
932 467 997 520 Μ
1012 471 1059 519 vii.
1078 470 1131 519 iiii.
1391 479 1439 534 215

230 712 511 775 commemoratio.
569 710 625 773 Ad
663 731 827 792 vesperas,
858 712 1019 774 memoria
1048 712 1091 774 de
1122 713 1356 794 martyribus¹:
1394 710 1438 774 de

229 799 406 869 dominica,
422 799 607 881 antiphona
622 798 696 861 Rex
714 809 822 860 autem
845 797 969 874 Dauid,
985 798 1028 861 de
1054 799 1240 862 Trinitate:
1263 809 1298 862 et
1320 818 1438 862 omnes

229 886 293 949 sub
308 885 441 948 silentio
457 883 547 962 fiant,
562 885 634 948 sine
654 885 874 967 processione.

231 1048 295 1117 july
308 1046 364 1119 25]
407 996 645 1166 glsspminica
674 997 755 1071 .viii.,
786 996 829 1059 de
862 1006 980 1061 sancto
1012 997 1145 1074 Iacobo,
1174 995 1438 1073 Inuitatoriunrl²

433 1105 453 1146 u
512 1106 544 1147 x.

274 1200 308 1271 01
331 1195 387 1258 Ad
414 1197 578 1260 secundas
604 1217 758 1280 vesperas
785 1195 828 1259 de
855 1197 1009 1278 apostolo
1038 1197 1183 1273 Iacobo,³
1210 1196 1268 1260 fiat
1291 1197 1438 1261 solennis

233 1284 393 1345 memoria
408 1285 451 1346 de
467 1294 582 1347 sancta
598 1283 710 1361 Anna,
726 1294 761 1348 et
776 1284 937 1347 memoria
952 1285 995 1347 de
1010 1284 1178 1347 dominica
1193 1285 1372 1368 priuatim.⁴

274 1399 308 1469 ΙΙ
332 1395 430 1458 Feria
444 1396 484 1459 ii.
499 1397 542 1459 de
557 1408 675 1460 sancta
689 1396 802 1475 Anna,
819 1396 1053 1459 Inuitatorium
1069 1396 1201 1479 triplex.

274 1512 309 1582 11
333 1507 429 1570 Feria
455 1508 506 1570 iii.
541 1508 584 1570 de
619 1509 844 1590 martyribus.³
911 1507 1143 1571 Inuitatorium
1180 1507 1327 1591 duplex:
1371 1518 1440 1573 tres

230 1593 400 1657 lectiones.
445 1595 551 1658 Missa
566 1595 776 1658 dominicalis
798 1595 962 1658 “dicaturfi

274 1711 308 1781 (Ι
332 1706 430 1769 Feria
444 1707 508 1770 ‚iiii
524 1706 567 1770 de
582 1706 668 1771 iesto
684 1707 757 1785 loci,
772 1717 806 1770 et
821 1708 887 1771 due
903 1707 1084 1770 memorie]

249 1823 308 1918 ‘11
332 1818 428 1881 Feria
451 1841 490 1883 .v.
515 1820 559 1882 de
583 1820 806 1901 martyribus.⁸
862 1819 1096 1882 Inuitatorium
1124 1819 1260 1901 duplex,
1285 1828 1351 1883 tres
1375 1820 1441 1883 lec·

231 1914 348 1968 tiones.

274 2022 308 2092 01
332 2018 429 2080 Feria
465 2018 514 2082 ‚vi
553 2019 597 2080 de
634 2016 858 2100 martyribus.⁹
926 2017 1160 2081 Inuitatorium
1198 2018 1336 2101 duplex,
1372 2027 1440 2082 tres

233 2105 399 2168 lectiones.
446 2105 672 2187 Responsoria
686 2104 841 2169 dicuntur
857 2124 916 2187 per
930 2105 1092 2168 ordinem.

275 2221 309 2292 01
332 2216 494 2295 Sabbato,
508 2216 551 2279 de
566 2226 684 2280 sancta
702 2217 819 2292 Maria,
836 2227 870 2280 et
886 2217 1049 2280 memoria
1066 2218 1110 2280 de
1130 2227 1247 2280 sancto
1262 2215 1440 2285 Germano.

275 2334 309 2404 01
330 2328 398 2392 Vbi
415 2328 499 2392 fiunt
523 2339 591 2392 tres
615 2328 960 2406 commemorationes,
978 2328 1017 2392 In
1042 2329 1160 2411 quinta
1184 2329 1265 2392 feria
1291 2327 1349 2393 fiat
1374 2349 1441 2393 vna

233 2417 516 2479 commemoratio.

275 2532 309 2602 01
331 2526 390 2590 Ab
405 2527 468 2590 hac
490 2528 545 2591 die
568 2544 672 2610 vsque
695 2528 737 2591 ad
761 2528 985 2609 inceptionem
1009 2528 1147 2591 historie
1169 2528 1317 2606 Domine,
1340 2549 1380 2593 ne
1405 2529 1440 2591 in

235 2614 287 2677 ira
308 2664 316 2680 .
339 2615 521 2698 accipiatur
536 2624 672 2678 sextum
691 2614 725 2690 C,
741 2635 803 2697 pro
819 2614 930 2678 littera
945 2615 1146 2679 dominicali.

635 2933 794 3017 Sequitur
807 2936 963 3000 Tercium
982 2935 1042 3002 C·¹⁰

267 3119 276 3151 ¹
293 3121 339 3172 SS.
354 3121 535 3186 christophoro
546 3131 571 3171 et
582 3121 713 3171 Cucufate.

265 3185 277 3216 ²
294 3187 408 3245 inferius,
421 3196 518 3245 correct,
528 3187 572 3247 sor
583 3187 775 3237 lnuitatoriume
792 3185 834 3249 87,
847 3186 888 3247 88,
901 3197 943 3249 97,
954 3199 996 3236 01.

266 3250 277 3281 ³
294 3253 404 3301 Iacobo:
421 3268 468 3302 om.
482 3251 524 3313 87,
536 3252 576 3301 88.
829 3252 841 3281 ⁴
856 3254 1070 3302 orderinvertca:
1085 3264 1127 3314 97,
1139 3265 1180 3302 or.

265 3314 276 3346 ⁶
292 3317 395 3382 Septem
408 3317 607 3366 Dormientibus
826 3314 881 3353 Μ
896 3318 987 3367 dicitur
999 3317 1025 3366 in
1036 3317 1165 3382 capitulo:
1182 3329 1224 3378 97,
1235 3329 1277 3367 οι.

264 3380 275 3413 ⁷
292 3383 333 3432 De
344 3386 371 3432 S.
386 3382 509 3432 samsone
520 3383 629 3447 (opinor)
641 3393 665 3431 et
677 3382 709 3432 de
720 3381 747 3432 S.
761 3383 939 3432 Penthaleone.
977 3382 1041 3432 Vide
1053 3384 1129 3432 Brev.
1144 3398 1169 3447 p.
1183 3383 1233 3432 lxx.

264 3444 276 3477 ⁸
292 3447 338 3498 SS.
358 3448 452 3507 Felice,
464 3448 605 3512 Simplicio,
619 3448 740 3498 Faustino
751 3457 776 3497 et
794 3449 914 3497 Beatrice.

262 3509 275 3542 ⁹
290 3513 337 3563 SS.
351 3512 444 3562 Abdon
455 3523 481 3562 et
493 3514 602 3563 Sennen.
834 3511 854 3543 ¹⁰
870 3513 1013 3578 Tailpiece:
1029 3529 1077 3562 om.
1091 3511 1132 3573 87,
1145 3510 1185 3562 88.
