3372 5224
300 421 333 486 98
626 419 902 471 DIRECTORIUM
918 419 1186 472 SACERDOTUM

304 574 503 640 memoratio
519 625 526 639 .
542 582 576 638 et
591 582 671 638 tunc
694 572 726 636 in
748 572 788 637 ‚ii
808 571 889 636 seria
908 573 1041 637 dicitur¹
1057 572 1334 656 ’Responsorium
1348 570 1504 635 Lomtus³

302 673 336 727 et
359 664 393 725 in
416 662 479 725 iiii.
503 660 582 724 seria
604 660 759 724 dicuntur
782 660 1008 742 Responsoria
1026 660 1069 724 de
1086 659 1138 724 .iii.
1155 659 1244 737 feria,
1260 658 1398 723 scilicet⁴
1422 657 1503 724 Vidi

295 751 450 832 portam?

477 874 511 944 1[
534 867 712 931 Dominica
735 867 798 930 iiii.
823 874 900 950 post
927 867 1039 943 Pasca,
1063 867 1106 930 de
1133 866 1273 931 seruicio
1302 864 1502 930 dominicali.

478 954 633 1018 Tercium
647 953 907 1037 Responsorium
920 954 1083 1019 aduobus
1099 963 1260 1023 cantetur.
1298 954 1337 1018 In
1348 952 1503 1017 laudibus

302 1061 368 1106 vna
383 1040 574 1122 antiphona

344 1167 380 1238 (1
401 1160 499 1224 Feria
534 1161 575 1224 ,ii
611 1161 655 1225 de
691 1159 793 1225 leria⁵
860 1160 1123 1244 Responsorium
1166 1160 1330 1226 Narrabo.
1397 1159 1504 1224 Missa

303 1247 518 1312 dominicalis.

303 920 374 989 May
386 915 441 988 an]

347 1375 381 1445 ([
404 1368 501 1432 Feria
516 1368 568 1432 iii.
584 1368 628 1432 de
643 1368 729 1431 festo
744 1366 816 1432 loci.

346 1495 380 1565 {1
403 1489 501 1553 Feria
527 1487 589 1551 iiii.
616 1487 659 1551 de
685 1487 788 1552 feria⁶
833 1488 1095 1570 Responsorium
1121 1487 1165 1551 de
1190 1487 1241 1552 ‚iii
1266 1486 1355 1566 feria,
1380 1486 1504 1551 scilicet

305 1576 484 1656 Hymnum.
531 1575 638 1639 Missa
653 1573 741 1638 illius
756 1573 842 1638 serie.

347 1703 381 1773 {1
405 1697 502 1760 Feria
517 1717 554 1759 .v.
569 1697 612 1760 de
627 1703 745 1759 sancto
761 1693 930 1773 Aldelmo,
946 1704 980 1759 et
996 1695 1157 1759 memoria
1172 1696 1215 1759 de
1230 1704 1346 1759 sancto
1357 1694 1504 1759 Vrbano.

307 1783 363 1847 Ad
394 1803 550 1866 vesperas
580 1782 686 1846 sancti
715 1781 906 1864 Augustini,
930 1782 1089 1846 memoria
1120 1784 1162 1847 de
1188 1790 1319 1861 sancto,
1334 1780 1504 1857 Aldelmo,

306 1869 491 1954 antiphona
504 1870 582 1932 Lux
587 1878 742 1951 perpetua
758 1869 887 1947 minor,³
902 1852 1082 1933 versiculus
1097 1868 1242 1933 Gaudete
1257 1869 1344 1932 iusti.

349 1996 383 2066 {1
407 1988 505 2052 Feria
534 1988 583 2051 .vi.
613 1987 655 2051 de
685 1996 802 2051 sancto
836 1986 1039 2069 Augustino,
1078 1986 1219 2051 Inferius
1251 1986 1387 2070 duplex.
1448 1985 1506 2049 Ad

306 2076 469 2141 secundas
491 2094 655 2158 vesperas,
679 2074 864 2158 antiphona
886 2073 957 2139 Sub
978 2084 1070 2139 tuam
1095 2075 1284 2153 solenniter,
1298 2083 1332 2138 et
1348 2073 1506 2137 memoria

306 2164 349 2226 de
363 2163 607 2226 resurrectione.

349 2289 383 2359 ([
407 2282 565 2359 Sabbato,
586 2282 629 2345 de
647 2291 763 2345 sancta
791 2280 908 2359 Maria,
932 2281 979 2345 Et
1002 2280 1062 2345 fiat
1089 2281 1256 2364 processio
1278 2282 1322 2344 ad
1344 2300 1506 2363 vesperas.

309 2456 527 2521 memoratio.l
578 2455 651 2519 ¹⁰Et
675 2463 754 2519 tunc
779 2454 812 2518 in
837 2457 985 2520 secunda
1011 2454 1093 2519 feria
1119 2455 1329 2574 rogationum
1355 2455 1509 2520 dicuntur

309 2544 535 2626 Responsoria
548 2543 591 2606 de
607 2541 709 2606 tercia
725 2540 814 2620 feria,
829 2541 956 2607 scilicet
970 2542 1163 2623 Hymnum.¹

309 2715 341 2769 M
410 2714 426 2768 3
481 2669 517 2740 (1
539 2662 718 2726 Dominica
747 2684 784 2727 .v.
815 2670 892 2746 post
923 2663 1036 2741 Prisca,
1066 2663 1109 2726 de
1143 2662 1282 2727 seruicio
1308 2663 1506 2727 dominicali.

343 2729 408 2783 Ψ
427 2710 448 2783 ’Ῑ
483 2750 638 2814 Tercium
683 2750 945 2832 Responsorium
982 2768 1003 2812 a
1055 2750 1186 2813 duobus
1239 2759 1399 2814 cantetur.
1467 2751 1506 2813 In

308 2836 460 2900 laudibus
485 2857 602 2901 omnes
623 2835 806 2918 antiphone
830 2845 1014 2914 cantentur,
1036 2838 1197 2900 memoria
1221 2836 1263 2901 de
1287 2845 1402 2901 sancto
1427 2836 1507 2902 Ger·

309 2943 418 3001 mano,
433 2924 476 2987 ad
492 2944 656 3006 vesperas,
667 2924 736 2986 ad¹²
752 2924 942 3001 matutinas,
956 2933 990 2986 et
1006 2923 1049 2986 ad
1066 2923 1210 2987 missam.

351 3050 385 3120 ([
408 3045 505 3108 Feria
517 3045 556 3108 .ii.
572 3045 615 3108 de
630 3043 726 3123 feriis,
742 3064 819 3107 cum
834 3044 1049 3127 expositione
1064 3042 1237 3126 euangelii.
1284 3044 1507 3127 Responsoria

309 3218 432 3283 ieiunio
446 3218 480 3281 in
496 3218 707 3302 processione
721 3217 849 3282 dicitur.

351 3345 387 3416 (1
409 3339 507 3402 Feria
522 3339 572 3403 iii.
589 3339 632 3402 de
647 3346 763 3402 sancta
786 3337 901 3402 Maria.

351 3466 387 3537 (ἶ
409 3460 505 3523 Feria
521 3459 584 3522 iiii.
600 3459 643 3522 de
659 3455 783 3537 feriis,¹⁸
797 3468 831 3523 et
847 3456 928 3521 nihil
944 3458 987 3522 de
1002 3468 1118 3523 sancta
1131 3459 1320 3524 Petronilla.
1358 3460 1508 3543 Respon-

310 3548 397 3612 soria
423 3547 465 3610 de
490 3547 529 3611 ,ii
558 3546 638 3609 feria
664 3546 840 3623 dicuntur;
872 3544 997 3609 scilicet
1027 3545 1192 3610 Narrabo.
1248 3548 1507 3629 Responsorium

310 3634 352 3697 In
375 3643 446 3712 toto,
471 3634 732 3717 Responsorium
755 3632 880 3695 Dicant
902 3653 994 3697 nunc.
1037 3632 1104 3697 Vbi
1125 3631 1209 3696 fiunt
1224 3642 1292 3697 tres
1307 3654 1509 3698 commemo·

311 3720 464 3794 rationes,
494 3730 574 3784 tunc
604 3721 637 3783 in
665 3720 705 3783 .ii.
732 3717 813 3782 seria
841 3719 996 3783 dicuntur
1027 3720 1254 3803 Responsoria
1276 3720 1319 3784 de
1345 3720 1397 3785 iii.
1423 3721 1511 3800 seria,

344 3947 536 3999 ¹dicuntur:8
573 3946 613 3998 88.

344 4012 398 4051 Η
415 3960 609 4080 Responsgr'ium
629 4012 661 4063 de
683 4012 788 4069 eodem†
810 4012 881 4072 feria,
905 4022 929 4062 et
953 4012 977 4063 in
1002 4012 1044 4063 iiii.
1071 4013 1132 4064 feria
1153 4014 1269 4064 dicuntur
1292 4015 1459 4080 Responsoria
1481 4015 1513 4065 de

313 4079 347 4130 iii.
361 4078 422 4129 feria
432 4088 458 4129 et
471 4078 638 4143 Responsoria
648 4077 680 4128 de
692 4077 735 4127 iiii.
749 4077 810 4127 seria
821 4077 852 4127 de
864 4079 917 4140 [eo]
928 4095 995 4128 anno
1007 4080 1237 4144 pretennittantur:
1255 4090 1296 4143 97,
1309 4094 1348 4130 01.

345 4143 356 4175 ³
373 4145 424 4194 Res
459 4144 557 4194 nsoria:
576 4145 679 4205 Dignus
689 4159 730 4192 es:
743 4141 784 4204 87,
797 4140 836 4193 88.

345 4207 399 4246 *Α
463 4218 523 4258 utus
533 4218 558 4259 et
571 4208 738 4274 Responsoria
749 4208 781 4258 de
792 4207 835 4257 iiii.
850 4207 911 4258 seria
922 4208 1067 4259 omittantur
1078 4209 1126 4259 isto
1137 4226 1204 4260 anno
1215 4230 1222 4261 ι
1240 4208 1333 4277 87‚[88.

346 4272 357 4303 ³
372 4274 456 4324 seriist
473 4286 514 4336 97,
527 4288 567 4324 01.
985 4272 997 4303 ⁶
1013 4275 1096 4325 seriis:
1113 4289 1153 4325 01.

345 4338 357 4371 ⁷
373 4340 466 4389 maiort
484 4351 525 4402 97,
537 4353 577 4389 οι.
988 4338 999 4370 ⁶
1015 4339 1059 4389 iii:
1076 4351 1117 4402 97,
1129 4354 1169 4389 01.

346 4403 358 4435 ⁰
373 4404 593 4454 commemoratio:
610 4420 657 4453 om.
671 4401 713 4464 87,
725 4401 765 4452 88.
984 4402 1056 4441 ¹⁰-·¹¹
1072 4422 1119 4454 ont.
1133 4424 1139 4455 :
1157 4417 1198 4467 97,
1211 4419 1251 4456 01.

347 4467 431 4535 ¹⁹·ad:
449 4468 613 4531 ona.87,88;
631 4469 700 4519 etad
733 4477 775 4531 97,
786 4481 827 4518 01.
981 4467 1002 4499 ¹³
1018 4469 1096 4521 feria:
1114 4468 1153 4520 88.
