3316 5220
480 470 657 523 mecm!
668 473 704 521 D.
738 474 816 522 mii.
829 489 873 522 xv.
885 473 935 523 xii.
948 475 995 523 vii.
1010 475 1060 525 iiii.
1326 485 1373 537 297

208 633 244 704 (Ι
268 625 365 690 Feria
399 624 460 700 iii,
498 626 541 689 de
575 635 693 690 sancto
720 626 923 691 Edmundo:
955 627 1000 691 ix.
1031 626 1197 692 lectiones.
1259 628 1372 691 Medic

165 715 326 779 lectiones
341 712 384 777 de
407 711 631 795 martyribus¹
676 712 733 777 Ad
760 722 938 795 utrumque
964 712 1219 796 completorium
1244 715 1374 779 dicatur

164 802 314 884 hymnus
330 799 497 878 Saluator,
511 818 588 863 cum
603 819 700 863 versu
716 799 786 862 Deo
792 801 896 881 patri.

208 1048 244 1119 (Ι
266 1041 363 1105 Feria
385 1062 422 1104 .v.
447 1038 490 1103 de
513 1041 657 1114 octaua,²
690 1039 923 1104 Inuitatorium
949 1039 1081 1125 triplex.
1126 1040 1183 1105 Ad
1210 1042 1374 1105 secundas

164 1148 331 1212 vesperas,
339 1127 382 1191 de
397 1136 526 1203 octaua,
541 1126 727 1209 antiphona
740 1125 920 1208 Sapientia,
932 1129 1082 1210 psalmus
1093 1128 1194 1192 Dixit
1200 1128 1374 1205 Dominus,

167 1216 265 1281 etalii
278 1214 399 1298 psalmi
411 1213 517 1297 prime
533 1214 646 1278 noctis.
695 1213 855 1296 Hymnus
868 1213 1148 1278 Samtsolenniu
1159 1239 1172 1279 .·
1193 1215 1372 1279 versiculus

167 1304 296 1368 Panem
317 1302 359 1365 de
376 1301 439 1365 celo
452 1324 464 1364 .·
499 1301 660 1364 memoria
688 1301 731 1364 de
753 1301 1054 1365 sanctossamaba:
1088 1302 1210 1365 deinde
1228 1303 1271 1366 de
1287 1323 1372 1365 mar·

163 1392 315 1473 tyribus¹

208 1509 364 1588 [Feria
399 1509 459 1586 .vi.,
495 1507 539 1571 de
574 1517 694 1571 sancto
731 1507 886 1571 Barnaba
929 1508 1092 1591 apostolo,
1140 1509 1372 1573 inuitatorium

165 1598 309 1681 triplex:
347 1597 392 1660 ix
423 1595 590 1660 lectiones.
648 1593 761 1658 Medic
792 1594 951 1659 lectiones
981 1595 1025 1659 de
1062 1596 1294 1678 martyribus¹:
1339 1607 1373 1660 et

166 1687 297 1749 dicatur
312 1684 460 1767 psalmus
475 1681 538 1745 Ad
548 1691 580 1745 te
593 1681 711 1746 leuaui.
757 1681 815 1746 Ad
830 1701 994 1764 vesperas,
1010 1682 1171 1746 memoria
1192 1686 1236 1748 de
1257 1692 1374 1747 sancta

167 1772 285 1849 Maria,
299 1769 485 1852 antiphona
501 1768 531 1833 S
532 1769 574 1832 uh
588 1778 688 1833 tuam.

207 1898 241 1968 (Ι
264 1891 425 1967 Sabbato,
433 1889 477 1953 de
485 1898 602 1953 sancta
612 1888 727 1953 Maria
773 1888 830 1952 Ad
845 1909 1010 1973 vesperas,
1024 1889 1184 1953 memoria
1199 1890 1242 1953 de
1257 1898 1374 1953 sancto

164 1977 313 2043 Basilio:
335 1979 378 2042 de
394 1977 578 2041 Trinitate:
601 1985 635 2039 et
650 1976 817 2059 processio
832 1974 899 2040 fiat

340 2104 374 2174 (Ι
397 2097 634 2169 Dominica.ii.,
643 2097 686 2161 de
696 2096 837 2161 seruicio
849 2096 1050 2161 dominicali
1090 2096 1204 2160 Medie
1215 2095 1374 2160 lectiones

161 2152 228 2220 Jun.
245 2147 298 2220 ¹4]
342 2185 386 2248 de
400 2193 519 2248 sancto
534 2184 667 2248 Basilio.
714 2183 754 2247 ln
770 2182 924 2247 laudibus
940 2203 1006 2248 vna
1021 2182 1213 2266 antiphona

208 2312 242 2383 (Ι
266 2306 335 2369 Hic
350 2305 514 2390 incipiunt
531 2304 687 2388 Exequie
704 2304 917 2368 Mortuorum
933 2304 1136 2386 quotidiane.

165 2513 176 2576 Ι
208 2425 363 2528 (ΙΡετὶα
401 2426 442 2490 .ἰὶ.
485 2425 528 2488 de
569 2423 795 2508 martyribus,⁸
828 2423 1063 2488 Inuitatorium
1104 2423 1253 2507 duplex:
1305 2435 1373 2488 tres

178 2523 334 2579 octrones.

208 2641 242 2712 (Ι
266 2634 364 2698 Feria
373 2633 425 2697 iii.
437 2633 611 2697 desancto
624 2631 789 2696 Ricardo:
812 2631 857 2695 ix
873 2630 1042 2695 lectiones.
1088 2631 1201 2694 Medic
1213 2632 1375 2697 lectiones

163 2723 210 2787 de
225 2720 449 2803 martyribus,⁴
465 2739 541 2783 cum
559 2718 793 2802 Responsoriis
809 2719 852 2782 de
866 2719 1015 2782 secundo
1030 2727 1202 2782 nocturno.

209 2970 243 3040 (Ι
266 2962 364 3026 Feria
408 2982 447 3026 .ν.
484 2962 527 3025 de
571 2957 800 3043 martyribus,⁸
837 2958 1071 3022 lnuitatorium
1112 2956 1262 3041 duplex:
1306 2963 1374 3019 tres

164 3047 610 3202 ΙΙῖἱίἳὲιΐεῗΜΚεεροῃεοτία
625 3047 668 3110 de
684 3047 847 3110 seeund0⁰
865 3055 1039 3123 nocturno,
1053 3064 1130 3108 cum
1147 3043 1376 3127 Responsorio

209 3255 387 3343 ufferiaq
413 3254 463 3318 ‚vi
501 3254 545 3319 de
581 3252 786 3336 martyribus
817 3251 981 3317 Geruasio
1009 3262 1043 3314 et
1077 3250 1272 3315 Prothasio:
1308 3257 1376 3312 tres

167 3344 336 3421 lectiones,
354 3341 589 3407 Inuitatorium
612 3340 750 3424 duplex,
765 3359 842 3402 cum
856 3338 1020 3402 versiculo
1034 3347 1068 3401 et
1085 3335 1319 3420 Responsoriis
1335 3335 1377 3398 de

166 3433 277 3516 primo
315 3438 498 3507 noctumo;
543 3438 577 3492 et
613 3428 754 3491 tercium
794 3425 1056 3509 Responsorium
1095 3424 1166 3488 Hec
1206 3433 1256 3486 est
1290 3443 1375 3485 uera.

163 3516 362 3601 Capitulum
377 3514 505 3580 Reddet
516 3514 629 3579 Deus!

209 3644 243 3715 (Ι
268 3635 429 3714 Sabbato,
443 3635 486 3701 de
501 3644 620 3699 sancta
636 3633 753 3698 Maria

209 3766 243 3836 (Ι
265 3756 332 3820 Vbi
368 3755 453 3820 fiunt
483 3765 550 3820 tres
580 3754 925 3830 commemorationes,
959 3753 993 3816 in
1026 3774 1065 3815 .ν.
1101 3750 1183 3815 feria
1216 3749 1275 3814 fiat
1310 3770 1377 3814 vna

164 3844 468 3911 commemoratio.⁸
528 3843 585 3907 Ad
629 3861 796 3926 vesperas,
841 3841 1002 3904 memoria
1047 3840 1090 3902 de
1117 3837 1304 3914 Trinitate,
1340 3852 1375 3900 et

164 3931 336 4017 processio
351 3929 418 3995 liat

201 4206 209 4237 ¹
227 4208 275 4259 SS.
295 4206 379 4257 Primo
389 4216 415 4256 et
427 4204 564 4255 Feliciano.
849 4200 861 4230 ²
877 4199 996 4265 Corporis
1011 4198 1113 4249 Christi.

200 4271 212 4304 ⁸
227 4273 274 4324 SS.
288 4272 357 4333 Vito,
371 4270 490 4321 Modesto
500 4280 525 4320 et
536 4268 687 4320 Crescentis.
854 4265 865 4296 ⁴
881 4266 927 4316 SS.
941 4265 1025 4316 Cirioo
1035 4274 1061 4313 et
1073 4262 1166 4313 lulitta.

200 4337 379 4464 aazia&
388 4335 600 4451 {tallercelliano
852 4328 924 4381 tiit:
942 4330 983 4392 87,
996 4328 1037 4391 88,
1050 4340 1092 4391 97,
1103 4341 1145 4378 01.

200 4468 253 4519 'et
272 4479 332 4518 tunc
358 4467 384 4516 in
402 4466 435 4517 η’.
455 4465 516 4516 seria
534 4465 649 4516 dicuntur
667 4461 836 4530 Responsoria
863 4461 896 4511 de
923 4460 958 4511 iii.
987 4470 1109 4510 nocturno
1130 4474 1186 4508 cum
1208 4455 1377 4522 Respousorio

166 4535 222 4586 Ila
231 4540 269 4583 est
278 4549 356 4583 vcra:
373 4531 433 4582 add.
447 4543 489 4594 97,
502 4544 543 4582 οι.
