3310 5206
281 438 315 489 30
607 424 883 477 DIRECTORIUM
894 426 1159 478 SACERDOTUM.

285 577 355 642 fiat¹
372 579 532 642 memoria
547 578 590 641 de
606 587 721 641 sancta
736 579 849 642 maria.
895 578 952 642 Ad
967 581 1131 644 secundas
1143 600 1301 664 vesperas
1317 582 1492 647 memoria'

282 667 325 729 de
340 674 456 729 sancta
473 665 605 728 Batilde
619 665 747 747 virgine
762 715 769 728 .
785 676 819 729 et
835 665 877 728 de
892 677 1010 730 sancta
1025 668 1138 730 maria.

325 800 360 870 (Ι
384 794 480 857 Feria
510 793 549 856 ii.
579 794 622 857 de
660 803 776 858 sancta
813 793 948 871 batilde,
981 794 1215 860 Inuitatorium
1254 795 1408 878 simplex.
1447 797 1491 860 iii.

282 880 441 944 lectiones
456 901 532 944 cum
551 890 712 943 nocturno
727 930 734 944 .
748 882 888 944 'tercium
912 882 1174 964 Responsorium
1197 882 1350 964 Regnum
1365 883 1489 947 mundi.

286 968 325 1031 ln
341 968 495 1031 laudibus
514 968 574 1030 hec
588 967 660 1029 sola
686 968 880 1050 antiphona,
895 967 966 1031 Hcc
986 978 1034 1031 est
1055 969 1157 1050 virgo.
1202 968 1395 1050 Capitulum
1422 970 1494 1049 Qui

279 1054 467 1137 gloriatur.³
501 1055 661 1117 memoria
690 1056 733 1118 de
763 1065 880 1118 sancta
911 1055 1026 1129 Maria,
1049 1064 1083 1119 et
1114 1057 1157 1118 de
1186 1057 1341 1120 omnibus
1365 1058 1489 1121 sanctis

284 1141 438 1206 Secunde
453 1160 590 1222 vespere
604 1151 701 1204 erunt
716 1141 760 1207 de
774 1141 860 1205 festo
876 1141 948 1220 loci,
960 1153 994 1206 et
1011 1143 1171 1206 memoria
1186 1143 1229 1206 de
1243 1153 1359 1207 sancta
1372 1145 1488 1208 Maria

326 1277 360 1347 (Ι
384 1270 479 1333 Feria
512 1271 563 1333 iii.
587 1270 631 1333 de
661 1270 746 1333 festo
776 1270 848 1346 loci,
878 1279 913 1334 et
944 1272 1104 1333 memoria
1134 1272 1176 1335 de
1206 1281 1322 1336 sancta
1353 1273 1490 1339 Maria.

284 1357 439 1422 Secunde
457 1376 593 1439 vespere
615 1366 710 1420 erunt
733 1358 775 1420 de
798 1366 914 1420 sancta
935 1358 1071 1442 Brigida
1086 1358 1221 1440 virgine,
1238 1379 1304 1421 non
1320 1369 1489 1441 martyre.

282 1444 464 1527 antiphone
479 1453 513 1507 et
529 1444 647 1526 psalmi
664 1443 800 1506 feriales.
846 1442 1040 1526 Capitulum
1061 1444 1128 1524 Qui
1135 1445 1312 1527 glonntur,
1328 1447 1489 1510 memoria

283 1533 326 1594 de
341 1540 458 1596 sancta
475 1532 591 1607 Maria,
608 1540 642 1594 et
657 1531 700 1594 de
715 1531 870 1594 omnibus
886 1531 1020 1594 sanctis.

325 1667 359 1737 (Ι
383 1661 479 1724 Feria
503 1659 567 1722 iiii.
594 1660 637 1722 de
667 1668 782 1722 sancta
813 1659 957 1740 Brigida,
990 1660 1225 1724 Inuitatorium
1256 1659 1402 1743 simplex
1432 1661 1485 1724 iii.

283 1747 449 1823 lectiones,
478 1767 555 1809 cum
587 1757 757 1809 nocturno,
813 1747 1039 1828 Responsoria
1069 1747 1112 1810 de
1142 1747 1289 1810 secundo
1316 1757 1487 1825 nocturno,

281 1855 357 1898 cum
382 1833 609 1916 Responsorio
628 1833 747 1896 Induit
765 1853 815 1895 me
837 1882 844 1896 .
868 1834 1028 1897 memoria
1052 1834 1094 1896 de
1116 1843 1233 1896 sancta
1256 1834 1364 1897 Maria
1386 1843 1420 1897 et
1443 1835 1487 1899 de

282 1922 437 1985 omnibus
453 1921 583 1985 sanctis.
629 1918 800 1984 ⁴Secunde
816 1940 952 2003 vespere
968 1930 1065 1983 erunt
1080 1921 1123 1984 de
1139 1918 1371 1985 Purificatione
1387 1922 1485 1986 beate

284 2010 412 2072 Marie.⁵

324 2144 358 2214 (Ι
382 2137 479 2200 Feria
494 2158 531 2199 .v.
547 2135 590 2198 de
608 2132 840 2197 Purificatione
855 2135 953 2199 beate
971 2136 1078 2198 Marie
1095 2136 1202 2199 maius
1218 2134 1355 2217 duplex.

324 2272 358 2342 (Ι
381 2265 544 2330 Sacerdos
571 2264 633 2327 hac
659 2263 714 2326 die
740 2264 940 2328 benedicens
967 2284 1079 2329 cereos
1091 2256 1175 2328 'siue
1200 2265 1357 2329 candelas
1381 2266 1486 2329 stabit

281 2373 458 2416 conuersus
470 2352 513 2414 ad
529 2351 690 2414 orientem
707 2371 813 2433 vsque
828 2353 871 2414 ad
885 2351 994 2428 finem,
1009 2353 1193 2415 secundum
1210 2352 1382 2417 ordinale.l
1426 2353 1485 2416 Ad

281 2450 437 2523 vtrasque
466 2459 620 2521 vesperas
650 2438 771 2501 dicitur
801 2439 961 2539 Hymnus
987 2403 1087 2515 'Quod
1110 2438 1226 2501 chorus
1248 2448 1371 2502 vatum.
1425 2439 1485 2503 Ad

280 2528 443 2591 secundas
458 2545 612 2607 vesperas
629 2524 720 2588 nulla
735 2522 805 2589 fiet⁷
822 2527 981 2589 memoria
996 2526 1038 2588 de
1053 2535 1172 2589 sancto
1189 2526 1309 2589 Blasio

323 2662 359 2733 (Ι
381 2656 477 2719 Feria
487 2655 537 2719 .vi
548 2654 591 2717 de
606 2663 723 2718 sancto
739 2653 851 2718 Blasio
862 2655 1019 2738 episcopo
1034 2664 1067 2717 et
1084 2666 1237 2735 martyre
1251 2655 1486 2720 Inuitatorium

280 2742 424 2825 simplex
440 2743 490 2806 iii.
506 2742 664 2804 lectiones
680 2761 755 2803 cum
773 2751 943 2804 nocturno.
988 2740 1180 2823 Capitulum
1199 2741 1317 2806 Omnis
1323 2743 1484 2823 pontifix.

282 2830 442 2892 memoria
457 2830 499 2891 de
514 2837 631 2891 sancta
645 2828 776 2890 Maria.⁸
805 2828 910 2891 Beata
922 2837 1034 2891 mater.
1051 2829 1232 2892 versiculus
1249 2829 1330 2891 Post
1335 2839 1485 2911 partum.

282 2917 399 2981 Oratio
443 2915 656 2978 Famulomm
692 2917 857 2978 1111111111ε9
902 2915 1023 2978 deinde
1061 2917 1103 2977 de
1149 2915 1304 2979 omnibus
1350 2917 1484 2980 sanctis.

282 3003 435 3067 Secunde
450 3021 587 3084 vespere
603 3012 700 3065 erunt
716 3003 758 3066 de
774 3012 890 3065 sancta
908 3001 1025 3077 Maria,
1042 3002 1113 3064 sine
1129 3002 1241 3084 aliqua
1256 3003 1424 3066 memoria.

325 3138 359 3208 (Ι
382 3131 541 3205 Sabbato,
557 3130 600 3194 de
615 3130 740 3194 beata¹⁰
752 3130 867 3203 Maria,
877 3140 911 3193 et
927 3129 1019 3193 nulla
1035 3132 1216 3193 memoria:
1233 3131 1301 3194 Vbi
1318 3130 1400 3194 fiunt
1416 3140 1486 3195 tres

281 3218 615 3282 commemorationes
631 3219 663 3279 in
679 3218 718 3281 .ii.
735 3217 815 3280 seria
830 3218 892 3281 erit
906 3237 974 3280 vna
996 3218 1278 3292 commemoratio,
1295 3227 1329 3282 et
1344 3227 1424 3280 tunc
1440 3219 1485 3282 ad

280 3326 435 3388 vesperas
450 3305 492 3369 de
509 3305 564 3367 illa
579 3304 896 3367 commemoratione
913 3303 970 3367 fiet
985 3304 1144 3366 memoria
1161 3305 1203 3366 de
1218 3315 1333 3367 sancta
1350 3304 1484 3368 Batilde

280 3393 323 3457 de
346 3393 521 3469 dominica,
536 3401 570 3455 et
585 3393 628 3455 de
642 3401 758 3454 sancta
777 3391 885 3454 Maria
900 3443 906 3456 .
924 3401 958 3454 et
980 3401 1059 3454 tunc
1082 3391 1114 3453 in
1136 3391 1199 3454 iiii.
1226 3390 1306 3454 feria
1329 3392 1487 3454 dicuntur

282 3479 508 3563 Responsoria
523 3480 565 3542 de
581 3479 689 3560 primo
704 3487 874 3541 nocturno.

312 3743 509 3806 1ᾗ11.87,88.
903 3741 1218 3806 ²lietbeforememona
1237 3742 1331 3803 87,88.

311 3808 370 3861 ³R.
390 3812 514 3874 Regnum,
525 3809 599 3859 Brev.
610 3807 689 3857 Sars
682 3807 708 3857 ri
721 3818 779 3883 447.
824 3809 886 3858 Ant
901 3806 1408 3870 Η1111111ν4νο11111118111811νῇιί
1422 3806 1483 3868 448.

280 3875 355 3976 Cap.
354 3876 555 4002 ρκίςίαήωκν,
534 3875 643 3923 ν.8111
658 3874 737 3923 Sars
731 3873 757 3922 ri.
771 3884 829 3937 45ο.
866 3874 897 3922 R.
912 3873 1013 3932 Induat,
1025 3873 1101 3922 Brev
1116 3873 1195 3922 San'
1189 3873 1215 3924 ri.
1228 3888 1297 3936 444;
1309 3873 1344 3923 iii.
1358 3871 1398 3934 89.

380 3957 446 3990 ann·

311 3940 479 4054 ‘secumdum8
481 3938 611 4054 ordlg'nale:
624 4004 663 4053 Cl.
676 4003 1014 4079 Deserum'umDirectorii,
1026 4019 1048 4053 c.
1062 4016 1103 4064 21,
1119 4016 1156 4052 10.
1205 4003 1280 4053 Crede
1291 4002 1376 4052 Muli
1392 4003 1406 4067 §
1427 4018 1485 4070 134,

279 4069 320 4132 67
358 4071 453 4135 Hymn.
468 4071 541 4131 Quod
549 4070 642 4119 11111111
658 4070 734 4120 Breu.
748 4068 828 4118 Sars
820 4068 855 4118 rii.
873 4081 927 4131 131.

311 4135 398 4184 ‘zfiat
416 4134 457 4197 87
469 4134 510 4185 88
872 4132 981 4182 ⁸Ant.:
998 4132 1163 4194 auct87‚88

310 4198 400 4264 leap
424 4202 512 4250 Omnis
527 4200 648 4264 pontifex,
668 4200 744 4249 Brev.
758 4198 845 4247 Sar
838 4198 863 4247 ri.
882 4197 940 4262 386.
974 4199 1035 4248 Ant.
1057 4198 1137 4247 Beata
1152 4205 1280 4253 mater.u.
1301 4210 1402 4259 913111.
1423 4209 1480 4262 770.

278 4266 309 4316 V.
325 4267 384 4315 Post
390 4272 504 4328 partum
517 4264 543 4314 ii.
555 4278 595 4325 91,
608 4276 662 4329 515.
699 4264 743 4314 Or.
759 4262 971 4322 Famulorum,ii.
982 4275 1024 4327 93,
1033 4263 1117 4313 where
1129 4264 1189 4313 read
1200 4263 1360 4313 delectatior
1369 4263 1487 4314 dilectis’

311 4329 611 4392 105111111187,881
648 4331 696 4379 ‘In
726 4344 876 4403 quacunque
904 4299 966 4378 felia
1002 4329 1092 4378 festum
1125 4328 1310 4378 Purificationis
1339 4329 1482 4393 contigerit,

277 4395 438 4446 nihilominus
456 4396 499 4445 fiat
518 4396 550 4444 de
566 4411 698 4445 commem.
718 4395 746 4444 B.
767 4394 848 4443 Marie
865 4394 968 4459 plenum
984 4394 1116 4444 semicium
1134 4395 1160 4444 in
1182 4394 1267 4458 alique
1289 4393 1350 4444 seria
1371 4394 1485 4445 eiusdem

278 4460 455 4511 hebdomade)
491 4462 566 4510 Crede
577 4462 615 4510 M
630 4464 712 4525 5135,
726 4476 769 4525 pp.
783 4459 823 4520 67,
835 4458 874 4509 68.
