3310 5206
415 477 610 530 PROLOGUS
627 478 808 528 CLEMEM
811 480 848 528 IS
861 479 917 529 MA
926 479 1105 529 YDESTON.
1331 486 1363 539 25

158 631 222 696 sub
244 630 379 695 licentia
401 631 616 695 nihilominus
630 640 665 695 et
680 632 871 696 obedientia
886 633 1061 715 superioris
1077 633 1142 694 mei
1158 681 1165 694 .
1182 638 1361 695 tractatum

159 717 345 800 predictum
371 740 432 802 pro
455 718 611 783 omnibus
625 719 684 801 qui
707 728 844 782 octauas
867 719 1036 782 celebrant
1059 718 1215 802 Corporis
1238 716 1362 783 Christi

158 825 237 868 cum
260 806 421 889 regimine
443 806 534 869 chori
557 825 726 882 renouare,
741 806 890 870 desectus
912 807 983 869 eius
1005 806 1201 890 corrigendo
1223 806 1361 888 pariter·

158 911 226 974 que
255 892 452 975 supplendo
513 893 584 956 Nec
613 893 766 956 subtraxi
795 892 921 975 aliquid
951 893 994 956 de
1024 913 1122 956 sensu
1152 913 1210 956 seu
1240 892 1362 955 virtute

158 979 320 1043 ordinalis
342 989 554 1062 preterquam
577 980 788 1043 emendando
810 1000 867 1043 seu
891 981 1095 1062 corrigendo,
1117 979 1173 1043 illa
1195 979 1363 1042 duntaxat

158 1066 334 1129 anormala
349 1087 415 1148 que
430 1066 554 1150 scripta
569 1077 647 1130 sunt
662 1068 705 1131 ad
721 1077 878 1150 vtrasque
892 1087 1049 1149 vesperas
1066 1066 1222 1150 Corporis
1238 1065 1360 1129 Christi

157 1172 236 1215 cum
263 1153 424 1235 regimine
449 1153 549 1216 chori.
597 1153 673 1236 Que
694 1155 816 1217 iudicio
839 1153 1075 1217 venerabilium
1098 1163 1132 1217 et
1147 1153 1361 1236 prudentium

158 1240 305 1303 virorum
328 1241 440 1322 sagaci
464 1241 636 1325 indigebat
651 1242 853 1304 correctione
868 1291 876 1305 .
891 1251 927 1304 vt
942 1240 1072 1324 patebit
1087 1240 1222 1303 inferius
1238 1241 1271 1303 in
1288 1240 1362 1323 ipso

158 1346 268 1408 opere
323 1327 395 1391 Nec
425 1327 537 1391 abnuo
566 1329 646 1411 quin
671 1328 811 1410 quilibet
834 1327 995 1391 charitate
1022 1337 1055 1390 et
1078 1328 1218 1391 scientia
1241 1328 1274 1390 in
1299 1328 1361 1389 hac

160 1424 256 1495 parte
287 1416 471 1477 necessaria
509 1417 556 1477 et¹
592 1415 800 1498 experientia
840 1416 1029 1490 instructus,
1060 1414 1123 1477 hoc
1155 1435 1231 1477 meo
1261 1414 1361 1478 saciat

159 1501 274 1576 labori,
288 1501 380 1583 quod
403 1521 467 1583 ego
490 1502 635 1584 proximi
658 1502 723 1565 mei
737 1502 934 1584 corrigendo
947 1500 1102 1565 videlicet
1117 1511 1151 1564 et
1167 1501 1362 1577 adiiciendo,

159 1586 240 1650 dum
263 1598 377 1651 tamen
393 1608 433 1650 ea
448 1608 514 1670 que
536 1588 671 1652 inferius
689 1598 767 1652 sunt
782 1590 913 1671 digesta
935 1588 1026 1672 prius
1041 1589 1185 1652 oculate²
1200 1589 1312 1651 videat
1327 1599 1362 1650 et

158 1685 287 1737 mature
308 1675 475 1739 discutiat.
520 1675 573 1739 Ne
596 1675 680 1739 sorte
701 1675 729 1738 si
753 1677 862 1739 minus
884 1678 1035 1758 preceps³
1056 1677 1213 1759 gradiens
1242 1674 1361 1737 falcem

158 1761 290 1825 incaute
305 1763 419 1825 mittat
433 1764 467 1825 in
484 1782 625 1825 messem
641 1762 794 1836 alienam,
809 1763 987 1826 cardonem
1010 1783 1072 1846 pro
1087 1762 1167 1826 flore
1181 1771 1216 1825 et
1230 1761 1361 1843 spinam

160 1869 222 1929 pro
251 1869 327 1912 rosa
357 1898 364 1911 .
394 1869 433 1911 ac
464 1849 591 1912 lollium
630 1869 691 1932 pro
727 1850 837 1912 tritico
874 1850 1063 1932 improuida
1099 1858 1214 1931 carpat
1251 1868 1352 1910 manu

161 1935 304 1999 Proinde
337 1937 416 2018 quia
453 1936 506 1999 hic
540 1936 630 1999 idem
659 1945 820 2000 tractatus
852 1956 912 2019 per
938 1956 991 2000 me
1019 1937 1083 1999 iam
1117 1935 1304 2018 aliqualiter
1326 1945 1363 1998 vt

158 2022 338 2103 predicitur
352 2022 548 2086 reformatus
563 2043 620 2087 seu
637 2033 815 2086 renouatus
832 2024 865 2086 in
877 2025 978 2086 sacris
993 2023 1207 2087 constitutus⁴
1222 2023 1363 2106 dirigere

156 2119 270 2191 potest
284 2110 328 2173 ad
343 2111 493 2174 diuinum
509 2109 655 2174 officium
677 2112 797 2173 certius
812 2120 846 2173 et
862 2109 904 2193 [a
920 2110 956 2192 ii]
973 2110 1099 2174 facilius
1113 2109 1362 2193 perficiendum,

156 2195 268 2259 eidem
283 2197 312 2259 si
327 2196 449 2279 placet⁶
463 2217 586 2260 nornen
597 2198 767 2280 imponere
781 2197 922 2273 decreui,
937 2198 1209 2262 D1RECTORIUM
1232 2210 1363 2260 SACER·

159 2297 304 2348 DOTUM.
349 2284 450 2367 Quod
465 2284 677 2348 directorium
693 2286 720 2347 si
736 2285 788 2347 cui
804 2282 966 2366 placuerit
981 2285 1043 2348 sibi
1062 2284 1223 2348 conscribi
1247 2283 1354 2346 facere

159 2390 286 2451 precor,
324 2381 361 2434 vt
406 2373 516 2454 ipsum
554 2371 805 2454 transcriptum⁶
842 2391 939 2434 suum
986 2372 1113 2435 intente
1155 2371 1291 2452 relegat,
1328 2380 1363 2433 et

160 2456 342 2539 relegendo
366 2460 478 2521 studio
504 2457 629 2522 sollerti
652 2458 805 2540 corrigat,
834 2459 889 2521 ne'
911 2468 1065 2539 sumptus
1087 2459 1190 2540 ipsius
1213 2465 1246 2520 et
1270 2477 1363 2520 meus

159 2544 256 2608 labor
269 2559 408 2626 pereant
430 2546 502 2608 sine
526 2545 641 2609 fructu.
686 2545 775 2608 Nam
799 2555 882 2627 quot
896 2556 930 2609 et
946 2555 1085 2628 quanta!
1095 2546 1161 2607 iam
1178 2546 1210 2607 in
1225 2544 1365 2606 ecclesia

160 2631 227 2694 Dei
253 2652 298 2694 ex
322 2632 408 2695 vicio
432 2633 629 2719 scriptorum
656 2640 690 2694 et
710 2632 841 2696 delectu
865 2642 1087 2696 correctorum
1111 2630 1269 2695 scandala
1291 2651 1364 2694 suc·

160 2729 347 2796 creuerunt,
363 2739 429 2782 non
446 2729 497 2782 est
514 2719 578 2782 mei
591 2717 711 2782 calami
723 2739 861 2782 exarare
876 2743 883 2782 z
899 2721 958 2784 sed
976 2720 1091 2802 ipsius⁸
1107 2719 1225 2782 melius
1241 2730 1363 2781 norunt

158 2807 218 2888 qui
245 2816 379 2889 tempus
410 2825 507 2869 suum
532 2815 567 2869 et
590 2807 737 2869 studium
763 2808 796 2868 in
823 2807 924 2869 sacris
953 2806 1124 2869 codicibus
1154 2805 1276 2868 vtiliter
1305 2825 1365 2866 ex-

159 2894 356 2974 penderunt
403 2894 502 2956 Nunc
525 2893 625 2974 igitur
646 2893 785 2956 obsecro
807 2913 876 2971 vos,
900 2892 932 2957 O
954 2894 1082 2958 domini
1104 2894 1303 2965 sacerdotes
1327 2903 1363 2954 vt

159 2980 225 3043 hoc
241 2979 452 3044 directorium
469 2979 613 3063 benigne
629 2999 650 3043 a
666 2999 720 3042 me
735 2981 902 3062 suscipere
917 2980 1111 3063 dignemini,
1122 2980 1169 3043 et9
1180 2978 1363 3042 secundum

158 3067 243 3130 illud
273 3067 409 3149 dirigite
438 3068 529 3129 vt'am
558 3066 687 3129 domini
714 3067 746 3129 in
778 3068 899 3130 diuinis
936 3068 1051 3130 officiis
1088 3064 1293 3130 celebrandis
1331 3074 1365 3128 et

160 3154 320 3217 dicendis.
365 3153 503 3217 Etcum
520 3154 605 3217 bene
621 3154 716 3217 vobis
733 3154 830 3217 fuerit
847 3164 1052 3218 mementote
1068 3154 1133 3216 mei
1148 3152 1366 3235 peccatoris,¹⁰

157 3241 331 3410 (sicriptpris
358 3242 462 3305 totius
494 3240 593 3304 huius
624 3241 782 3305 ordinalis
812 3240 1010 3323 (Clementis
1034 3240 1234 3323 maydeston
1257 3258 1365 3302 sacer·

183 3338 255 3391 otis.

687 3489 840 3553 Rubrica

204 3658 238 3728 11
262 3653 326 3716 Pro
356 3651 578 3734 intelligentia
607 3652 705 3715 huius
743 3652 919 3729 directorii,
952 3653 1074 3716 sciatur
1110 3652 1219 3734 primo
1255 3650 1366 3714 littera

161 3739 371 3803 dominicalis
395 3751 430 3802 et
453 3738 509 3802 vbi
530 3739 621 3802 cadit
644 3742 892 3822 septuagesima
907 3739 965 3804 illo
985 3760 1074 3803 anno
1095 3740 1138 3802 de
1159 3758 1227 3821 quo
1247 3739 1365 3820 agitur,

161 3837 196 3891 et
210 3827 395 3890 secundum
420 3825 511 3889 illam
528 3824 672 3889 litteram
688 3828 922 3891 dominicalem
938 3847 974 3889 se
988 3828 1111 3909 dirigat
1125 3835 1368 3909 consequenter

162 3933 223 3996 per
244 3922 353 3977 totum
371 3933 496 3976 annum
521 3962 528 3975 .
553 3923 589 3976 vt
615 3916 658 3977 de
683 3934 720 3977 se
746 3915 882 3996 patebit
937 3914 990 3977 De
1015 3914 1131 3977 Primis
1156 3913 1365 3976 lunationum

161 4000 423 4064 deseruientibus
438 4000 572 4065 cuilibet
587 3999 695 4063 littere
710 4000 903 4083 singillatim
920 4050 926 4064 .
943 4001 1027 4064 sicut
1044 4001 1167 4084 poteris
1183 3999 1367 4063 luculenter

162 4087 196 4150 in
213 4086 407 4151 kalendario
423 4088 611 4170 prospicere
626 4088 659 4150 in
674 4088 790 4151 tabula
806 4089 907 4170 nigra

196 4254 204 4286 ¹
222 4256 361 4306 amaria
372 4264 417 4307 et:
435 4272 483 4306 om.
496 4254 538 4307 88.
865 4254 877 4287 ¹
892 4258 1023 4308 ocultate:
1040 4270 1081 4306 01.

193 4321 296 4415 :nimis
306 4337 409 4417 preceps
422 4340 429 4371 z
441 4319 483 4383 87,
496 4321 537 4381 88,
863 4321 1048 4417 :constitutisz
1065 4334 1106 4371 01.

195 4388 448 4511 uenus.
867 4385 1152 4513 „gre-egene·

196 4490 268 4567 'etl
285 4533 332 4567 orn.
346 4488 441 4578 97:01.
857 4516 877 4548 ¹⁰
894 4468 941 4568 &a
949 4488 1033 4567 Getec’s.
1048 4519 1081 4566 xl.
1099 4530 1135 4577 14.
