3372 5224
287 449 334 499 126
604 447 880 500 DIRECTORIUM
897 448 1163 501 SACERDOTUM.

328 608 363 679 ΙΙ
386 601 483 665 Feria
506 622 543 666 .v.
571 601 613 664 de
643 611 760 664 sancto
792 601 984 679 Edmund0,
1012 602 1244 665 Inuitatorium
1275 601 1408 686 triplex,
1437 603 1491 665 .ix.

286 688 453 752 lectiones.
509 688 622 751 Medie
653 687 812 752 lectiones
843 690 887 753 de
917 690 1131 773 martyribus¹
1161 709 1237 752 cum
1267 688 1429 754 versiculo
1458 697 1492 752 et

287 776 521 859 Responsoriis
535 774 578 837 de
595 776 702 858 primo
718 787 883 839 nocturno
899 775 1114 860 plurimorum
1131 786 1324 859 martyrum.

328 902 362 973 (l
387 895 483 959 Feria
499 895 548 957 .vi.
565 896 607 959 de
624 894 713 972 seria,
729 904 764 957 et
779 895 899 959 dicitur
922 896 1066 978 primum
1091 896 1354 978 Responsorium
1373 895 1493 960 feriale.

285 980 439 1066 Epistola
454 992 489 1046 et
504 981 716 1067 euangelium
732 993 849 1065 quarte
866 983 954 1047 ferie.

327 1110 362 1180 (Ι
384 1101 544 1177 Sabbato,
572 1103 614 1165 de
640 1111 758 1166 sancto
785 1097 939 1167 Barnaba
965 1103 1128 1186 apostolo,
1150 1102 1205 1166 .ix.
1229 1103 1395 1175 lectiones
1419 1103 1491 1166 sine

283 1191 506 1273 expositione.
554 1189 788 1253 lnuitatorium
804 1190 936 1272 triplex.
982 1191 1040 1255 Ad
1064 1191 1200 1254 missam
1225 1191 1344 1254 dicitur
1368 1189 1490 1255 Credo.

283 1288 320 1342 et
346 1276 488 1340 Prefatio
515 1276 557 1338 de
582 1277 750 1357 apostolis.
795 1276 863 1342 Vbi
889 1276 973 1341 fiunt
1000 1287 1066 1341 tres
1090 1277 1433 1352 commemorationes,
1457 1277 1490 1339 in

283 1365 335 1429 ,vi
359 1363 439 1427 feria
464 1362 522 1426 fiat
544 1366 622 1427 vna²
644 1365 926 1439 commemoratio
951 1365 1048 1428 beate
1073 1365 1189 1441 Marie,
1212 1375 1244 1428 et
1272 1366 1305 1427 in
1332 1365 1384 1427 .iii.
1411 1362 1491 1426 seria

286 1451 345 1517 fiat
360 1471 425 1515 vna
441 1451 723 1513 commemoratio,
767 1450 825 1515 Ad
842 1471 998 1534 vesperas
1021 1453 1065 1516 de
1087 1452 1255 1515 dominica
1272 1451 1433 1515 memoria
1448 1451 1491 1514 de

282 1537 455 1623 apostolo.
466 1537 521 1600 del
537 1537 750 1620 martyribus⁴
766 1537 809 1600 de
824 1539 989 1602 trinitate
1001 1547 1035 1602 et
1050 1540 1238 1620 processio.⁶

463 1657 502 1740 [e
530 1656 608 1739 viii]
653 1663 688 1734 ΙΙ
711 1658 932 1721 Dominica
914 1657 953 1722 .1i.
978 1658 1115 1722 historie
1138 1658 1232 1722 Deus
1254 1659 1427 1721 omnium
1450 1657 1493 1720 de

286 1710 383 1779 J¹¹¹¹⁶¹
388 1706 426 1779 ι]
461 1746 600 1808 seruicio
625 1744 824 1808 dominicali
880 1745 993 1809 Medie
1017 1746 1176 1809 lectiones
1201 1745 1244 1809 de
1269 1745 1491 1828 martyribus⁴

287 1832 327 1895 ln
345 1830 497 1895 laudibus
513 1852 579 1894 vna
594 1832 786 1914 antiphona.

327 1958 362 2028 (Ι
385 1951 482 2014 Feria
497 1952 536 2014 .ii.
553 1950 595 2014 de
611 1951 698 2015 sesto
714 1952 786 2015 loci.

327 2078 362 2148 (Ι
386 2071 483 2134 Feria
512 2071 564 2133 .iii.
594 2072 637 2134 de
667 2081 784 2135 sancto
816 2071 949 2150 Basilio,
982 2072 1216 2136 Inuitatorium
1251 2071 1408 2155 simplex,
1440 2071 1491 2134 .iii.

284 2158 446 2222 lectiones
461 2157 504 2220 de
520 2159 696 2222 communi.

329 2284 363 2355 (l
387 2277 484 2341 Feria
507 2278 570 2341 .iiii.
593 2278 637 2340 de
660 2279 884 2360 martyribus.⁶
938 2279 1117 2343 versiculus
1139 2290 1174 2343 et
1202 2278 1428 2362 Responsoria
1451 2279 1493 2341 de

288 2365 436 2429 secundo
452 2372 621 2427 nocturno.

330 2491 365 2562 ΙΙ
388 2485 485 2548 Feria
501 2506 538 2547 .v.
555 2485 597 2547 de
613 2493 729 2548 sancto
751 2486 905 2562 Ricard0,
921 2485 976 2549 .ix.
992 2486 1159 2550 lectiones.
1205 2487 1318 2550 Medic
1334 2486 1492 2551 lectiones

283 2574 330 2637 de
346 2571 570 2654 martyribus⁷,
584 2592 660 2635 cum
670 2572 843 2635 Versiculo
855 2583 888 2636 et
900 2573 1133 2656 Responsoriis
1149 2574 1190 2637 de
1206 2574 1309 2637 tercio
1321 2583 1491 2638 nocturno.

287 2779 303 2842 f
329 2692 484 2843 {IlFeria
507 2692 556 2755 .vi.
583 2692 625 2755 de
656 2693 751 2755 seriis.
797 2694 844 2757 Et
870 2693 991 2758 dicitur
1016 2695 1199 2758 secundum
1229 2694 1490 2776 Responsorium

299 2800 406 2844 errae.

330 2898 365 2968 01
387 2890 547 2967 Sabbat0,
561 2891 728 2954 desancta
749 2892 866 2968 Maria,
881 2900 915 2955 et
932 2894 1091 2956 memoria
1107 2891 1150 2956 de
1167 2891 1390 2974 martyribus.⁸
1433 2891 1490 2955 Ad

284 2999 450 3061 vesperas,
473 2979 635 3041 memoria
657 2979 700 3042 de
723 2979 933 3061 martyribus
956 2987 990 3042 et
1012 2980 1055 3043 de
1078 2979 1252 3053 Trinitate‚
1274 2989 1308 3042 et
1326 2981 1492 3062 processio

288 3067 354 3129 fiat.
398 3065 465 3129 Vbi
496 3064 581 3128 fiunt
611 3075 678 3129 tres
709 3067 1054 3141 commemorationes
1085 3067 1118 3130 in
1151 3069 1198 3130 .vi.
1227 3067 1307 3130 seria
1339 3064 1397 3129 fiat
1425 3087 1491 3130 vna

286 3154 568 3216 commemoratio,

342 3311 427 3385 em]
461 3270 496 3341 ΙΙ
518 3264 705 3328 Dominica.
729 3266 781 3328 ..iii
806 3266 849 3328 de
875 3265 1014 3329 seruicio
1043 3266 1253 3330 dominicali:
1290 3264 1400 3329 medie
1426 3264 1492 3328 lec·

281 3316 359 3388 June
462 3352 570 3414 tiones
593 3353 636 3415 de
660 3352 873 3434 martyribus⁹
888 3373 964 3416 cum
982 3352 1240 3435 Responsoriis¹⁰
1260 3352 1331 3415 Hec
1343 3363 1391 3415 est
1404 3373 1490 3416 vera.

288 3437 327 3500 In
344 3437 497 3501 laudibus
509 3438 786 3539 vnaantiphona·
817 3439 874 3503 Ad
890 3460 1045 3522 vesperas
1061 3440 1256 3524 antiphona,
1271 3439 1339 3502 Istc
1352 3450 1490 3502 sanctus.

287 3523 488 3624 Capitulum,
503 3525 627 3588 Beatus
649 3526 786 3608 virque
805 3548 842 3588 m
863 3526 1034 3608 sapientia.
1080 3526 1342 3610 Responsorium
1367 3526 1491 3590 Beatus

282 3611 342 3673 vir
355 3632 412 3693 qur
409 3611 564 3694 suffert:
588 3612 748 3676 memoria
765 3614 807 3676 de
824 3613 997 3677 dominica.

328 3736 363 3807 ΙΙ
386 3731 483 3793 Feria
497 3732 536 3795 .ii.
553 3732 596 3794 de
610 3742 727 3796 sancto
744 3732 921 3813 Edwardo,
937 3734 991 3797 .ix.
1008 3733 1167 3797 lectiones
1183 3733 1226 3796 de
1241 3733 1308 3797 alio
1324 3733 1441 3797 festo.¹¹

329 3856 364 3927 (Ι
387 3851 484 3914 Feria
499 3851 550 3916 .iii.
567 3852 609 3914 de
625 3852 710 3916 festo
726 3852 797 3917 loci.

328 3967 363 4038 ΙΙ
386 3962 483 4025 Feria
497 3963 560 4028 .iiii.
577 3964 618 4027 de
635 3973 753 4028 sancto
769 3964 914 4044 Albano,
930 3967 985 4030 .ix.
998 3966 1166 4043 lectiones,
1182 3966 1255 4030 sine
1271 3966 1489 4049 expositione.

293 4050 555 4132 Responsorium
572 4051 795 4133 Percrpturus.

318 4224 328 4256 ¹
345 4226 391 4277 SS.
407 4226 490 4276 Primo
501 4238 526 4277 et
538 4227 673 4278 Feliciano.
871 4228 882 4260 ²
898 4247 963 4281 una:
980 4247 1027 4280 om.
1041 4244 1081 4281 οι.

318 4290 329 4321 ³
345 4302 369 4341 et
380 4292 457 4356 before
468 4293 518 4342 de:
535 4292 576 4354 87,
590 4292 628 4342 88.
869 4294 881 4326 ⁴
896 4295 942 4347 SS.
958 4296 1076 4355 BasiIide,
1089 4296 1184 4355 Cbino,
1198 4297 1299 4346 Nabore
1310 4306 1334 4347 et
1347 4296 1461 4346 Nazario.

318 4354 329 4386 ⁶
345 4356 388 4405 fiat
399 4368 457 4406 ante
468 4374 584 4408 crucem:
602 4360 658 4408 add
673 4358 713 4421 87,
727 4358 766 4409 88.
875 4357 887 4390 ⁸
904 4362 949 4412 SS.
964 4361 1033 4421 Viro,
1048 4362 1165 4413 Modesto
1176 4372 1201 4412 et
1218 4362 1368 4412 Crescentia.

319 4420 329 4454 ²
346 4422 391 4471 SS.
406 4422 488 4471 Cirico
500 4433 524 4472 et
537 4424 630 4472 lulitta.
878 4424 889 4456 ⁸
906 4426 951 4477 SS.
968 4428 1055 4477 Marco
1066 4438 1091 4477 et
1104 4427 1275 4477 Marcelliano.

315 4484 329 4519 ⁹
345 4486 393 4538 SS.
407 4488 528 4539 Geruasio
539 4498 564 4538 et
577 4489 713 4539 Prothasio.
869 4488 890 4521 ¹⁰
907 4492 1093 4557 Responsorio:
1111 4492 1151 4542 88.
1241 4491 1260 4522 ¹¹
1278 4491 1324 4543 viz.
1340 4493 1404 4542 Mar.
1419 4491 1487 4542 xviii.
