3372 5224
290 469 337 521 150
595 456 870 509 DIRECTORIUM
886 456 1151 508 SACERDOTUM.

330 616 365 687 (Ι
388 609 549 687 Sabbato,
572 612 615 674 de
641 620 759 674 sancto
783 610 945 673 Bernaba
992 609 1224 674 Inuitatorium
1248 609 1380 692 triplex.
1426 606 1484 671 Ad

290 698 426 761 missam
457 696 578 762 dicitur
606 695 708 762 Credo
722 744 730 759 .
745 710 779 760 et
809 696 951 780 prefatio
981 698 1023 760 de
1053 696 1238 779 apostolis.
1254 700 1413 760 memoria
1441 694 1485 758 de

287 784 435 867 utrisque
463 784 601 848 octauis.
671 783 821 868 Vespere
850 794 948 847 erunt
977 785 1020 847 de
1050 783 1204 866 apostolo
1223 832 1231 847 .
1252 781 1413 846 memoria
1442 782 1485 844 de

289 871 509 953 martyribus.l
555 873 610 936 De
641 872 769 935 octauis
801 871 986 953 antiphona
1021 870 1050 935 0
1081 891 1188 952 quam.
1233 870 1279 934 Et
1315 869 1487 933 inchoetur

288 956 424 1021 historia
447 978 522 1021 cum
548 962 717 1035 memoria,
732 958 917 1041 antiphona
931 958 1079 1039 Loquere,
1096 957 1254 1020 Domine.
1267 955 1427 1021 memoria
1441 955 1484 1019 de

289 1045 462 1120 Trinitate,
478 1054 513 1110 et
527 1046 695 1128 processio
711 1043 769 1109 fiat
784 1055 862 1108 ante
876 1044 1031 1109 crucem.²

330 1171 365 1242 (Ι
386 1165 494 1228 ³Nota
517 1166 607 1247 quod
636 1165 862 1248 Responsoria
891 1165 934 1228 de
964 1163 1112 1228 secundo
1142 1175 1305 1228 nocturno
1334 1163 1487 1227 dicentur

289 1252 374 1316 infra
388 1262 527 1316 octauas
542 1252 756 1335 reliquiarum
772 1251 954 1315 secundum
970 1250 1142 1316 ordinale⁸

464 1377 499 1448 (Ι
522 1371 700 1435 Dominica
711 1372 739 1434 .i.
749 1381 826 1455 post
836 1371 957 1435 festum
974 1371 1098 1437 Sancte
1113 1371 1295 1447 Trinitatis,
1304 1370 1348 1434 de
1358 1370 1486 1433 octauis

466 1458 622 1542 Corporis
647 1458 770 1524 Christi
794 1456 853 1522 fiat
875 1459 1060 1522 seruicium.
1104 1458 1230 1521 ⁴Medie
1253 1458 1422 1521 lectiones⁴
1445 1458 1488 1519 de

289 1543 512 1626 martyribus.l
559 1547 599 1610 In
616 1546 771 1610 laudibus
785 1565 852 1609 vna
867 1545 1059 1628 antiphona,
1075 1555 1109 1608 ct
1123 1556 1191 1608 tres
1207 1545 1372 1607 memorie.
1429 1542 1486 1608 Ad

287 1630 430 1713 primam
466 1631 650 1716 antiphona
686 1633 730 1697 Te
758 1632 836 1695 iure.
898 1632 1003 1695 Missa
1036 1630 1245 1696 dominicalis
1276 1631 1309 1694 in
1340 1630 1485 1714 capitulo

288 1717 415 1783 dicitur.

288 1422 361 1491 June
375 1419 429 1492 ra]

329 1842 363 1912 (Ι
387 1836 485 1900 Feria
510 1836 552 1900 .ii.
575 1836 619 1900 de
641 1838 792 1916 octauis,⁶
805 1837 988 1902 versiculus
1009 1847 1044 1902 et
1067 1837 1292 1920 Responsoria
1314 1835 1357 1901 de
1378 1835 1487 1919 primo

288 1933 461 1987 nocturno.

330 2046 363 2116 (Ι
387 2041 485 2105 Feria
507 2041 558 2106 iii.
582 2042 626 2106 de
648 2044 777 2107 octauis
792 2092 800 2107 .
814 2042 994 2107 versiculus
1016 2052 1050 2108 et
1075 2041 1299 2125 Responsoria
1313 2043 1369 2107 del
1383 2040 1486 2105 tercio

287 2131 472 2193 nocturno!
514 2128 571 2193 Ad
587 2150 744 2214 vesperas
759 2130 820 2194 hec
835 2131 906 2194 sola
921 2130 1114 2213 antiphona,
1131 2129 1294 2194 Sacerdos.
1335 2127 1486 2193 Psalmus

287 2214 388 2278 Dixit
409 2215 581 2294 Dominus,
605 2225 640 2281 et
663 2218 764 2281 ceteri
788 2217 917 2301 psalmi,
940 2218 1025 2282 sicut
1049 2218 1080 2279 in
1103 2218 1218 2300 primis
1232 2217 1377 2299 vesperis
1393 2214 1489 2278 sesti.

287 2303 447 2366 memoria
462 2302 504 2366 de
521 2305 723 2386 martyribus
740 2305 847 2368 Cirico
862 2316 896 2369 et
913 2305 1036 2368 lulitta.

330 2427 365 2498 (Ι
387 2422 484 2485 Feria
509 2444 547 2486 .v.
574 2422 617 2485 de
642 2425 783 2487 octaua.⁸
840 2424 1073 2488 Inuitatorium
1098 2423 1230 2507 triplex.
1285 2422 1398 2486 Medie
1422 2420 1485 2484 lec·

287 2508 395 2572 tiones
411 2508 453 2573 de
469 2510 685 2591 martyribus⁹
700 2531 775 2574 cum
791 2511 958 2574 versiculis
974 2520 1006 2574 et
1020 2510 1253 2594 Responsoriis
1262 2510 1304 2573 de
1314 2508 1487 2573 secundo¹⁰

288 2605 459 2659 nocturno.
491 2597 530 2660 In
547 2596 701 2661 laudibus
717 2617 833 2661 omnes
848 2596 1030 2681 antiphone
1045 2598 1232 2661 dicuntur.¹¹
1263 2596 1320 2660 Ad
1331 2614 1485 2678 vesperas

288 2684 331 2747 de
368 2693 498 2759 octaua,
536 2683 722 2767 antiphona
755 2684 927 2767 Sapientia
956 2735 964 2748 .
994 2686 1143 2768 psalmus
1179 2684 1281 2747 Dixit
1314 2683 1485 2747 Domt‘nus.

291 2770 449 2852 Hymnus
469 2771 584 2836 Sacris
604 2772 758 2835 solenniis
777 2820 786 2835 .
805 2772 983 2835 versiculus
1007 2772 1134 2835 Panem
1157 2771 1197 2834 de
1221 2771 1281 2834 celo
1301 2820 1308 2834 .
1325 2769 1486 2833 memoria

288 2857 331 2920 de
346 2866 464 2922 sancto
480 2858 636 2922 Ricard0.

332 2982 367 3053 (Ι
390 2977 487 3041 Feria
512 2978 563 3041 .vi.
588 2977 631 3041 de
655 2988 773 3042 sancto
797 2979 951 3053 Ricard0,
976 2978 1030 3042 ix.
1056 2978 1215 3043 lectiones
1239 2977 1282 3042 de
1307 2977 1484 3042 communi

291 3064 348 3128 Ad
374 3063 555 3130 matutinas
579 3064 729 3148 psalmus
751 3065 814 3129 Ad
832 3075 863 3128 te
881 3066 999 3129 lenoni.
1043 3065 1102 3131 Ad
1123 3085 1278 3148 vesperas
1300 3064 1484 3148 antiphona

291 3150 364 3215 Sub
377 3161 470 3214 tuam
486 3201 493 3215 .
509 3159 543 3216 et
559 3153 719 3216 memoria
733 3153 776 3216 de
792 3153 1028 3235 martyribus.¹²

334 3277 369 3348 (Ι
391 3270 552 3349 Sabbato,
567 3272 610 3336 de
624 3282 739 3336 sancta
757 3272 886 3336 Maria.
902 3283 936 3337 et
952 3273 1112 3337 memoria
1121 3273 1164 3336 de
1175 3272 1420 3357 martyribus¹²;
1443 3272 1486 3336 ad

291 3378 445 3442 vesperas
461 3360 622 3423 memoria
636 3361 679 3424 de
694 3361 817 3424 sanctis
833 3360 995 3425 Geruasio
1015 3370 1050 3424 et
1071 3360 1253 3437 Prothasio,
1271 3359 1430 3425 memoria
1445 3359 1488 3423 de

293 3444 467 3522 Trinitate,
480 3455 515 3511 et
531 3448 697 3529 processio
712 3456 790 3511 ante
806 3467 945 3512 erucem.

326 3836 336 3868 ¹
353 3838 399 3890 SS.
414 3838 532 3899 Basilide,
544 3840 639 3902 Cirino,
652 3842 753 3893 Nabore
764 3853 789 3893 et
800 3843 915 3894 Nazario.

326 3901 338 3933 ⁹
353 3904 418 3953 Vide
430 3913 513 3954 tamen
526 3916 656 3956 tractatum
672 3910 746 3958 Crede
758 3910 849 3968 lllicln',
862 3912 875 3969 ἕ
886 3923 927 3971 41,
940 3926 967 3975 p,
980 3922 1019 3973 39.

326 3967 380 4005 ³-³
395 3985 442 4018 one
455 3981 497 4031 97,
508 3984 549 4020 01.
876 3974 929 4011 ⁴-⁴
945 3984 971 4025 et
982 3986 1078 4026 tantum
1090 3976 1226 4027 memoria:
1243 3988 1284 4038 97,
1296 3990 1336 4026 01.

327 4032 338 4063 ¹⁵
355 4033 400 4086 SS.
416 4034 533 4095 Basilide,
547 4036 641 4096 Cirino,
654 4038 755 4088 Nabore
765 4049 839 4103 atque
851 4040 965 4089 Nazario.
1130 4041 1141 4072 ⁸
1157 4042 1274 4107 Corporis
1285 4042 1384 4092 Christi.

326 4097 380 4135 Μ
395 4101 506 4150 secundo
516 4111 637 4153 nocturno
648 4114 674 4153 et
684 4105 803 4153 memoria
814 4105 846 4154 de
859 4116 946 4155 sancto
958 4105 1058 4156 Basilio.
1072 4107 1145 4157 Feria
1157 4106 1194 4156 iiii
1210 4108 1242 4157 de
1255 4108 1350 4157 octauis
1360 4107 1493 4157 versiculus

294 4174 320 4214 et
334 4165 499 4230 Responsoria
510 4166 542 4216 de
553 4168 630 4217 tercio
646 4181 784 4220 nocturno:
801 4169 843 4229 87,
856 4169 904 4220 88:
921 4171 1031 4221 secundo
1042 4183 1170 4222 nocturno.
1207 4173 1279 4222 Feria
1291 4173 1326 4222 iiii
1336 4173 1368 4223 de
1384 4173 1494 4223 seumdo

293 4239 415 4345 ppeturno
427 4231 559 4282 versiculus
570 4242 595 4283 et
607 4234 775 4299 Responsoria
785 4235 817 4285 de
829 4235 902 4285 tertio
913 4244 1033 4286 nocturno
1044 4246 1069 4287 et
1085 4237 1204 4288 memoria
1220 4238 1252 4288 de
1269 4238 1434 4302 martyribus:
1450 4248 1493 4301 97,

326 4358 471 4475 Jonpppjris
481 4361 582 4476 (ἶὴῐξιῖί.
867 4364 888 4460 l?
903 4367 951 4481 ἓὸ.
966 4366 1084 4482 Cirieoggt
1096 4368 1187 4418 lulitta.

326 4488 346 4520 ¹²
363 4441 408 4541 gs.
425 4439 546 4541 hierii'er
560 4465 729 4545 hlarcelliauo.
922 4447 976 4481 mn
989 4449 1034 4483 ur*
1084 4470 1091 4482 ι
