3330 5218
261 419 293 483 56
582 419 858 471 DIRECTORIUM
874 418 1140 470 SACERDOTUM.

262 572 457 721 dOE‘Ferla
471 573 512 637 .ii2
528 573 571 636 de
588 572 684 636 feriis.
731 573 956 657 Responsoria
972 571 1014 635 de
1030 572 1148 635 eadem
1164 570 1254 648 feria,
1269 591 1344 635 cum
1361 571 1463 635 missa

287 678 431 723 omrmca
445 680 462 722 1.

305 784 340 855 (Ι
363 780 459 843 Feria
475 780 525 842 iii.
541 780 584 842 de
599 788 716 843 sancto
730 778 923 857 Ambrosio,
938 778 1072 842 inferius
1087 778 1222 861 duplex.
1269 778 1460 861 Capitulum

261 865 341 931 Ecce
354 867 507 929 sacerdos.
552 867 728 930 Lectiones
744 865 897 949 legantur
911 867 954 929 de
969 866 1180 949 proprietate,
1193 885 1258 928 non
1275 866 1318 929 de
1333 865 1464 928 omelia.

302 991 338 1061 (Ι
362 986 457 1048 Feria
483 986 545 1048 iiii.
570 987 612 1050 de
637 985 734 1050 seriis.
784 986 1044 1069 Responsorium
1063 985 1210 1062 Locutus,
1232 1005 1307 1047 cum
1331 985 1463 1048 duobus

262 1072 486 1155 sequentibus.

302 1197 338 1267 (Ι
362 1191 458 1255 Feria
472 1214 509 1255 .v.
525 1193 567 1255 de
583 1191 670 1257 festo
684 1192 756 1258 loci.

304 1315 339 1386 (Ι
363 1308 458 1374 Feria
473 1312 521 1375 .vi.
538 1312 581 1374 de
595 1321 713 1376 sancto
728 1312 905 1396 Tyburci0.
944 1311 1176 1374 Inuitatorium
1192 1309 1320 1392 duplex
1336 1331 1343 1387 ;
1365 1309 1462 1374 etsie

263 1399 295 1460 in
312 1398 467 1461 omnibus
483 1395 585 1462 seriis¹
600 1398 670 1462 sine
687 1399 846 1482 regimine
860 1397 961 1475 chori,
976 1418 1080 1480 vsque
1095 1397 1138 1461 ad
1154 1407 1290 1461 octauas
1306 1396 1462 1480 Corporis

262 1483 394 1548 Christi.
438 1484 496 1548 Ad
514 1486 649 1549 missam
665 1487 849 1549 secundum
864 1485 999 1548 alleluia
1013 1485 1075 1548 erit
1090 1486 1132 1549 de
1148 1485 1324 1548 dominica

304 1610 340 1680 (Ι
362 1604 521 1681 Sabbato,
530 1604 573 1668 de
589 1615 706 1669 sancta
722 1606 837 1670 Maria
883 1602 941 1667 Ad
957 1625 1112 1688 vesperas
1128 1602 1187 1668 liat
1202 1604 1368 1687 processio
1383 1613 1464 1667 ante

261 1711 400 1755 crucem.
444 1692 512 1755 Vbi
535 1692 619 1755 fiunt
644 1701 710 1756 tres
732 1692 1076 1767 commemorationes,
1088 1693 1121 1754 in
1138 1692 1201 1755 iiii.
1217 1690 1298 1755 feria
1323 1690 1382 1754 fiat
1396 1711 1465 1754 vna

262 1781 546 1843 commemoratio.

261 1900 341 1972 April
358 1897 410 1970 ¹6·]
445 1904 479 1973 (Ι
502 1898 681 1962 Dominica
697 1899 736 1962 ii.
748 1909 825 1982 post
842 1900 955 1975 Pasca,
965 1901 1008 1963 de
1023 1898 1162 1962 seruicio
1177 1896 1376 1961 dominicali.

282 2024 339 2168 ὦ(
363 2017 459 2081 Feria
474 2019 514 2082 .ii.
529 2019 573 2082 de
587 2017 683 2081 feriis.
731 2018 957 2101 Responsoria
972 2019 1108 2102 Dignus
1121 2039 1161 2083 es.
1207 2017 1311 2081 Missa
1322 2017 1466 2081 domini·

263 2124 281 2167 c
316 2125 351 2168 1s.

306 2231 340 2300 (Ι
364 2225 458 2288 Feria
475 2225 525 2287 iii.
541 2225 584 2288 de
600 2224 684 2289 festo
699 2224 771 2289 loci.

267 2429 384 2494 Omnis
390 2431 545 2511 pontifex.

308 2556 342 2625 (Ι
366 2551 461 2613 Feria
476 2573 513 2614 .v.
538 2551 581 2614 de
607 2551 703 2614 seriis.
749 2552 975 2635 Responsoria
999 2551 1042 2615 de
1068 2551 1183 2615 tercia²
1210 2549 1309 2614 feria:
1331 2549 1467 2628 scilicet,

266 2637 413 2713 Locutus,
428 2658 505 2701 cum
522 2639 623 2702 missa
638 2647 756 2722 quarte
770 2637 857 2702 ferie.

308 2762 343 2833 (Ι
367 2758 463 2821 Feria
477 2758 527 2821 .vi.
543 2759 586 2821 de
602 2758 698 2822 feriis.
744 2759 969 2842 Responsoria
993 2759 1035 2822 de
1051 2759 1114 2821 ‚iiii
1131 2757 1222 2835 feria,
1238 2756 1364 2821 scilicet
1387 2757 1468 2822 Vidi

258 2854 399 2926 portam.
445 2845 598 2927 Epistola
613 2856 647 2909 et
662 2846 871 2931 euangelium
887 2847 1036 2909 eiusdem
1052 2846 1138 2909 serie.

312 2963 349 3047 [b
371 2963 447 3046 xii]
501 2971 536 3041 (Ι
558 2964 708 3030 Sabbato
738 2967 781 3030 de
810 2976 926 3030 sancta
959 2966 1075 3029 Maria.
1134 2965 1191 3028 Ad
1222 2985 1376 3048 vesperas
1407 2964 1466 3029 fiat

268 3050 434 3133 processio
448 3061 526 3114 ante
548 3072 688 3116 crucem.
733 3054 798 3117 Vbi
823 3054 907 3117 fiunt
931 3061 997 3117 tres
1020 3053 1363 3130 commemorationes,
1378 3052 1411 3114 in
1427 3074 1466 3116 .ν.

271 3137 351 3201 feria
379 3137 437 3201 fiet
467 3158 533 3201 vna
563 3142 858 3204 commemoratio:
890 3150 924 3203 et
956 3150 1034 3203 tunc
1059 3141 1092 3202 in
1119 3140 1169 3203 ‚vi
1194 3139 1275 3202 feria
1299 3139 1469 3203 dicuntur³

271 3225 497 3307 Responsoria
512 3227 554 3289 de
570 3226 672 3290 tercia
687 3226 776 3304 seria,
793 3226 918 3291 scilicet
933 3227 1082 3303 Locutus,
1097 3246 1172 3290 cum
1185 3225 1316 3290 duobus
1328 3246 1468 3308 sequen·

267 3312 365 3378 tibus,

444 3436 479 3507 (Ι
501 3432 680 3495 Dominica
692 3434 743 3496 iii.
754 3445 830 3517 post
848 3434 959 3510 Pasca,
970 3434 1012 3496 de
1028 3443 1145 3496 sancto
1161 3433 1327 3517 Georgio:
1343 3432 1465 3496 festum

446 3519 553 3582 minus
581 3520 726 3603 duplex:
750 3523 909 3584 memoria
933 3523 975 3585 de
995 3520 1163 3585 dominica
1186 3519 1375 3596 solenniter,
1388 3539 1465 3582 cum

268 3603 488 3683 processione.
555 3607 611 3670 Ad
650 3608 794 3685 missam,
832 3609 1014 3671 secundum
1052 3608 1184 3670 alleluia
1221 3628 1288 3670 non
1324 3606 1386 3670 erit
1423 3607 1466 3669 de

269 3689 443 3769 dominica,
460 3691 518 3755 sed
535 3693 577 3756 de
593 3695 837 3770 resurrectione,
854 3695 938 3758 sicut
954 3697 986 3757 in
1002 3693 1075 3758 aliis
1091 3694 1191 3757 festis,

265 3814 345 3957 Β(
369 3809 465 3873 Feria
489 3812 528 3875 .ii.
554 3813 596 3876 de
626 3813 722 3879 feriis.
776 3815 1001 3897 Responsoria
1027 3813 1070 3877 de
1094 3816 1212 3878 eadem
1237 3812 1325 3889 seria,
1340 3811 1466 3877 scilicet

302 3916 400 3979 ugnus
413 3918 452 3961 cs.

267 3480 347 3551 April
360 3477 415 3551 23.]

309 4022 344 4092 (Ι
367 4017 463 4079 Feria
478 4018 530 4081 iii.
545 4020 588 4082 de
603 4030 719 4084 sancto
737 4021 860 4098 Maron,
876 4020 1010 4085 inferius
1024 4021 1161 4104 duplex.

263 4141 343 4284 Lea
367 4137 463 4200 Feria
487 4139 549 4202 ‚iiii
577 4140 619 4203 de
644 4138 732 4205 feria.
788 4141 1012 4224 Responsoria
1035 4142 1078 4205 de
1103 4140 1204 4204 tercia
1228 4139 1316 4216 seria,
1341 4140 1467 4203 scilicet

311 4232 403 4285 cutus
415 4234 469 4287 est.

296 4455 305 4487 ¹
322 4457 407 4508 sestis:
425 4456 466 4520 87,
479 4457 518 4509 88.
716 4460 836 4513 ²tercia:
853 4480 899 4513 om.
915 4462 953 4512 88.
1074 4480 1081 4493 ·=
1099 4462 1109 4492 ³
1126 4463 1256 4513 dicantur:
1274 4460 1314 4512 88.
