3326 5208
671 483 748 533 SEX
750 483 776 531 Τ
774 482 835 533 UM
849 483 877 531 C.
1331 493 1381 545 259

172 723 378 786 memoratio.

173 847 238 902 Oct.
252 844 308 917 24]
351 835 587 913 {Dominica
601 835 671 912 .iiii.‚
685 843 758 898 tota
773 844 926 898 cantetur
940 833 1083 898 historia.
1139 812 1142 817 Ι

215 956 250 1025 (Ι
274 949 371 1013 Feria
394 948 441 1019 .ii.,
468 946 511 1010 de
535 947 735 1027 martyribus
762 946 915 1029 Crispino
938 956 973 1010 et
999 946 1214 1029 Crispiniano.
1268 945 1381 1007 Medie

172 1037 332 1100 lectiones
358 1037 402 1098 de
427 1044 544 1097 sancto
578 1034 728 1097 Iohanne
758 1033 801 1096 de
831 1034 1027 1097 beuerlaco:
1062 1034 1133 1097 sed¹
1167 1044 1234 1096 tres
1267 1033 1382 1095 vltime

173 1124 333 1187 lectiones
347 1123 390 1186 de
405 1121 615 1204 expositione
629 1121 823 1205 euangelica
836 1121 1052 1202 (Descendens
1066 1121 1157 1184 Iesus
1171 1121 1210 1184 de
1224 1120 1350 1200 monte).

216 1241 250 1311 (l
274 1235 372 1298 Feria
387 1234 437 1298 ,iii
452 1234 495 1297 de
512 1232 597 1296 sesto
613 1233 684 1296 loci

174 1445 347 1500 nocturno.
394 1433 498 1496 Missa
513 1434 556 1497 de
570 1433 683 1516 vigilia
697 1432 925 1516 apostolorum
941 1432 1114 1516 'Symonis
1128 1441 1163 1495 et
1181 1432 1285 1495 lude.²

177 1553 258 1697 dcl!
276 1547 374 1610 Feria
388 1568 425 1610 .v.
441 1546 484 1609 de
511 1544 596 1610 sesto
620 1544 850 1627 apostolorum
875 1544 1034 1628 Symonis
1058 1554 1093 1609 et
1120 1544 1213 1620 lude,
1242 1542 1388 1607 Inferius

201 1655 248 1717 up
261 1656 315 1698 ex

220 1752 254 1823 (1
278 1746 375 1809 Feria
398 1745 447 1809 .vi.
474 1745 517 1806 de
542 1743 629 1808 seria.
686 1744 733 1807 Et
756 1745 886 1808 dicatur
909 1746 1093 1808 secundum
1123 1743 1383 1827 Responsorium

178 1832 298 1896 feriale.
343 1833 499 1916 Epistola
514 1844 548 1894 et
563 1831 773 1913 euangelium
790 1832 832 1895 de
847 1832 908 1895 iiii.
925 1832 1012 1895 seria.

221 1951 255 2021 11
280 1943 441 2021 Sabbat0,
456 1944 498 2007 de
515 1953 631 2007 sancta
648 1944 762 2008 Maria.

220 2064 255 2133 (Ι
276 2057 345 2120 Vbi
362 2055 445 2120 fiunt
467 2067 534 2119 tres
556 2058 899 2131 commemorationes,
922 2057 954 2119 in
977 2057 1025 2120 .vi.
1049 2055 1129 2119 seria
1152 2057 1213 2119 erit
1235 2056 1273 2120 .ii.
1297 2074 1386 2118 com-

179 2144 383 2208 memoratio.
428 2144 474 2206 Et
489 2144 521 2206 in
537 2144 598 2207 iiii.
615 2142 696 2205 seria
709 2143 838 2206 dicatur
854 2144 1114 2227 Responsorium
1136 2141 1256 2207 feriale.

179 2306 242 2360 θα
256 2302 311 2375 31]
356 2259 390 2330 (I
409 2254 541 2403 llittera
550 2254 801 2405 &minicalffi
793 2254 826 2331 C,
839 2254 986 2354 secundo
995 2254 1158 2404 kaleanas
1176 2252 1387 2403 llloluembris,

179 2430 222 2491 de
247 2353 574 2510 sanctonbriiiittllrlof
602 2350 686 2491 titia
703 2341 1208 2512 iaudilrugogtnl'iill'sn)untiphir(irlg
1228 2351 1389 2491 dicclrlrtiiuers,

182 2515 287 2577 Missa
301 2515 345 2578 de
360 2515 483 2597 vigilia⁵
498 2524 650 2578 cantetur
666 2516 698 2577 in
715 2516 869 2598 capitulo.
926 2515 1076 2598 Vespere
1091 2526 1188 2579 erunt
1203 2516 1246 2579 de
1270 2514 1388 2580 Omni-

181 2603 243 2665 bus
260 2600 400 2679 Sanctis,
416 2611 451 2664 et
468 2602 628 2665 memoria
643 2602 707 2665 sub
721 2602 853 2666 silentio
869 2604 912 2666 de
927 2603 1102 2666 dominica.

223 2717 257 2787 (l
281 2713 372 2777 Nota
398 2715 488 2795 quod
516 2714 548 2776 in
581 2714 635 2777 die
671 2714 833 2780 Omnium
869 2713 1068 2778 Sanctorum
1100 2734 1217 2777 omnes
1240 2713 1321 2776 hore
1347 2713 1389 2775 de

182 2810 300 2864 sancta
317 2800 425 2863 Maria
439 2801 591 2865 dicantur
606 2811 704 2864 extra
718 2800 865 2878 chorum,
882 2804 987 2864 more⁶
1001 2800 1107 2866 solito.

224 2918 258 2988 11
282 2912 381 2975 Feria
395 2913 433 2977 ii.
449 2911 569 2976 festum
587 2912 748 2977 Omnium
766 2912 987 2978 Sanctorum:
1011 2914 1117 2976 maius
1133 2912 1269 2995 duplex.

225 3030 259 3100 (l
283 3025 380 3087 Feria
401 3026 450 3088 ‚iii
473 3026 516 3087 de
532 3024 859 3089 Commemoratione
882 3024 1091 3089 Animarum.
1147 3025 1205 3088 Ad
1228 3043 1392 3105 vesperas,

182 3111 274 3175 etad
292 3112 474 3175 matutinas
497 3112 539 3174 de
563 3122 680 3174 sancta
703 3112 810 3174 Maria
834 3111 892 3177 fiat
915 3114 1076 3176 memoria
1099 3113 1142 3176 de
1157 3112 1279 3175 sanctis
1306 3110 1391 3173 Eus-

179 3198 292 3263 tachio
306 3199 549 3282 sociorumque⁷
563 3199 633 3261 eius
650 3200 857 3281 martyribus.

223 3419 257 3489 ἦ
282 3414 378 3476 Feria
392 3434 430 3476 .v.
446 3415 488 3476 de
504 3413 590 3477 festo
605 3414 675 3476 loci

223 3523 257 3593 (l
281 3517 377 3580 Feria
392 3517 454 3579 .vi⁶
468 3517 511 3579 de
526 3528 643 3580 sancta
660 3518 773 3582 Maria.

225 3628 259 3698 (l
283 3620 442 3698 Sabbato,
454 3622 497 3684 de
509 3632 625 3684 sancto
642 3620 838 3686 Leonardo:
861 3624 906 3686 ix.
923 3622 1080 3686 lectiones
1092 3623 1162 3685 sine
1171 3622 1389 3704 expositione.

183 3709 240 3772 Ad
265 3728 430 3857 vespefriast
446 3709 489 3772 de
513 3709 687 3783 dominica,
714 3710 874 3772 memoria
900 3709 942 3772 de
967 3710 1061 3786 festo
1088 3710 1130 3773 de
1157 3709 1330 3785 Trinitate,
1356 3720 1390 3772 et

182 3815 349 3879 processio
387 3815 407 3857 a

359 3898 594 3974 {Dominica
617 3898 666 3976 ii,
681 3909 754 3963 tota
786 3909 938 3963 cantetur
971 3901 1113 3964 historia.
1173 3900 1211 3964 ln
1236 3899 1390 3963 laudibus

185 3951 258 4003 Νῦν·
271 3946 309 4019 ⁷⁰]
359 4005 425 4048 vna
440 3984 631 4067 antiphona.

216 4166 225 4198 ¹
243 4168 305 4218 sed:
321 4185 369 4218 om.
383 4168 425 4230 87,
437 4167 477 4219 88.
837 4169 892 4208 ²-²
906 4189 953 4221 om.
967 4191 974 4221 z
991 4170 1033 4232 87,
1045 4171 1086 4221 88.

216 4232 228 4263 ⁸
243 4234 404 4284 dominioeli:
422 4234 464 4296 87,
476 4232 517 4283 88.

216 4297 228 4328 ⁴
246 4301 264 4325 “
272 4300 304 4348 Iu
315 4299 357 4349 die
368 4299 395 4350 S.
409 4300 524 4363 Quintini
540 4299 574 4350 ud
590 4316 677 4351 omnes
688 4301 763 4351 horas
777 4301 868 4352 dicitur
878 4302 959 4352 oratio
969 4304 1059 4352 Sancti
1068 4305 1190 4365 nmrtyn's
1200 4305 1244 4351 tui
1256 4304 1387 4365 Qur'rrtr‘ni.

185 4364 219 4414 Et
229 4364 251 4414 si
262 4364 390 4414 dominia
401 4365 484 4426 suerit,
496 4374 556 4415 tunc
567 4366 593 4415 in
604 4382 702 4416 summa
712 4367 787 4416 missa
799 4367 889 4417 dicitur
899 4369 931 4418 de
943 4368 970 4419 S.
986 4368 1109 4432 Quintino
1119 4388 1126 4428 ;
1145 4368 1233 4419 Oratio
1244 4369 1324 4428 Deus,
1342 4370 1391 4434 qui

182 4431 307 4479 ecclesr'am
317 4439 399 4490 tumn,
411 4430 546 4480 secundum
558 4431 674 4481 Surum.''
708 4432 809 4495 Desm.
824 4434 920 4482 Dircen
934 4436 1000 4496 524,
1013 4450 1038 4499 p.
1055 4447 1092 4483 ιι.

215 4492 227 4524 ⁸
243 4494 363 4546 Omnium
375 4496 531 4546 Sanctorum.
833 4495 845 4528 ⁸
861 4515 945 4548 mere:
962 4512 1003 4549 01.

216 4558 392 4626 'sociisquez
410 4560 450 4611 8&
834 4561 915 4613 ⁸iii:
933 4563 973 4625 87.
