3372 5224
490 481 707 534 SECUNDUM
725 481 757 531 B.
798 481 876 529 xviii.
894 496 921 529 x.
940 495 987 529 mr.
1007 496 1059 528 mr.
1077 495 1121 528 xo.
1355 484 1401 538 137

200 638 245 701 Et
274 635 320 699 sic
351 638 421 720 per¹
449 646 586 699 octauas
617 634 754 717 quando
783 635 826 697 de
856 634 983 697 octauis
1014 632 1052 696 fit
1081 632 1265 695 seruicium.
1320 630 1398 694 Non

198 723 319 787 dicitur
333 744 447 787 versus
462 722 577 787 Gloria
592 721 661 798 tibi,
672 721 821 797 Domine,
831 721 893 802 qui
905 730 1003 782 notus
1013 740 1053 794 es,
1064 721 1097 782 in
1114 718 1179 782 fine
1189 720 1401 800 hymnorum,

199 811 259 873 nisi
275 811 412 893 quando
427 812 469 874 de
485 811 614 873 octauis
629 808 666 872 fit
681 809 855 871 seruicium
871 818 1010 871 tantum.

240 929 274 999 (Ι
299 922 396 986 Feria
425 923 473 986 .vi.
505 922 547 985 de
579 922 706 985 octauis
738 919 895 1003 Corporis
921 919 1053 995 Christi,
1076 929 1143 982 tres
1173 918 1341 993 lectiones,
1367 925 1403 980 et

198 1011 359 1074 memoria
374 1011 416 1073 de
431 1009 559 1073 octauis
574 1008 749 1072 Trinitatis
763 1018 904 1071 tantum.

240 1127 274 1197 (Ι
298 1121 448 1186 Sabbato
462 1122 506 1184 de
520 1122 656 1195 octauis,
672 1130 707 1183 et
722 1120 882 1183 memoria
897 1119 940 1181 de
955 1119 1083 1181 octauis
1099 1117 1280 1181 Trinitatis.

240 1239 274 1309 (Ι
299 1233 361 1296 Per
375 1244 512 1297 octauas
527 1242 562 1296 et
577 1234 610 1295 in
626 1244 747 1295 octaua
763 1232 885 1295 dicitur
900 1231 1073 1313 sequentia
1088 1230 1167 1293 Ecce
1174 1231 1276 1311 ponis
1290 1228 1399 1311 engel-

197 1341 299 1383 orum.
357 1320 413 1382 Ad
438 1340 592 1402 vesperas
616 1321 659 1382 de
682 1330 812 1395 octaua,
837 1319 996 1381 memoria
1020 1318 1063 1381 de
1088 1326 1204 1380 sancto
1229 1314 1402 1379 Bonifacio

198 1408 442 1489 sociorumque²
468 1408 547 1470 eius.
592 1407 639 1470 Et
664 1406 836 1469 inchoetur
857 1405 994 1468 historia
1017 1425 1093 1467 cum
1118 1406 1287 1478 memoria,
1314 1403 1401 1465 anti·

198 1495 312 1577 phona
326 1493 469 1574 Loquere
482 1492 643 1556 Domine.
660 1494 819 1556 memoria
842 1493 885 1556 de
908 1491 1081 1567 Trinitate,
1098 1503 1131 1555 et
1154 1490 1212 1554 fiat
1235 1491 1401 1573 processio

197 1591 276 1644 ante
292 1601 432 1644 crucem.

240 1699 276 1769 (Ι
297 1693 403 1755 ³Nota
417 1693 508 1774 quod
530 1692 586 1755 vbi
610 1702 688 1755 sunt
714 1692 779 1754 due
803 1690 1135 1754 commemorationes
1159 1700 1301 1764 tantum,
1319 1689 1401 1751 Res·

199 1780 355 1863 ponsoria
386 1780 429 1842 de
460 1779 607 1842 secundo
639 1789 801 1842 nocturno
832 1779 956 1842 debent
986 1777 1111 1840 cantari
1142 1777 1174 1838 in
1203 1774 1291 1838 feriis
1316 1775 1402 1838 infra

198 1876 335 1929 octauas
351 1866 571 1948 reliquiarum.
608 1866 673 1929 Vbi
689 1886 768 1929 vero
784 1865 868 1929 fiunt
876 1875 943 1928 tres
953 1864 1292 1937 commemorationes,
1309 1863 1403 1925 tunc⁸

198 1954 230 2016 in
252 1954 420 2016 dominica
442 1954 598 2035 proxima
620 1965 697 2036 post
713 1964 849 2016 octauas
870 1953 1025 2036 Corporis
1048 1951 1183 2015 Christi⁴
1202 1950 1299 2033 plene
1321 1950 1401 2013 dici·

196 2050 251 2103 tur
272 2041 430 2103 historia:
453 2048 487 2103 et
507 2041 668 2103 memoria
687 2051 819 2104 tantum
841 2040 884 2102 de
900 2037 1111 2120 martyribus⁶
1126 2038 1249 2101 ibidem
1273 2039 1401 2102 contin-

197 2128 371 2210 gentibus:
395 2127 496 2190 missa
511 2127 719 2191 dominicalis
732 2131 765 2190 in
781 2127 929 2211 capitulo
944 2126 1072 2189 dicitur.

375 2243 409 2315 (Ι
432 2239 611 2302 Dominica
637 2240 744 2322 prima
760 2249 836 2321 post
857 2238 978 2302 festum
996 2238 1119 2302 Sancte
1134 2232 1331 2309 Trinitatis,l
1355 2236 1398 2298 de

285 2286 321 2358 5']
421 2324 454 2408 [l.
470 2325 548 2408 iiii]
563 2327 691 2390 octauis
710 2326 867 2408 Corporis
884 2325 1016 2398 Christi,
1032 2335 1066 2389 et
1087 2324 1247 2387 memoria
1267 2332 1399 2386 tantum

199 2410 242 2473 de
267 2413 489 2494 martyribus!
546 2412 586 2476 ln
611 2413 763 2477 laudibus
783 2433 848 2475 vna
869 2412 1063 2496 antiphona,
1086 2423 1120 2475 et
1142 2422 1209 2473 tres
1232 2410 1398 2484 memorie,

199 2498 323 2561 scillcet
339 2500 382 2561 de
403 2500 550 2576 sanctis?
565 2501 608 2564 de
631 2500 808 2576 dominica,
826 2511 861 2563 et
881 2499 924 2563 de
949 2499 1121 2563 Trinitate.
1166 2498 1223 2562 Ad
1246 2498 1398 2580 primam,

200 2585 384 2668 antiphona
405 2586 448 2649 Te
462 2587 540 2650 iure.
586 2588 632 2651 Et
646 2588 693 2650 sic
709 2587 867 2669 deinceps
882 2608 942 2669 per
956 2596 1045 2650 totas
1060 2595 1206 2649 octauas.

241 2703 275 2773 (Ι
299 2698 327 2760 F
328 2699 395 2761 eria
406 2699 445 2762 ii.
461 2698 504 2763 de
519 2700 668 2764 octauis.⁸
712 2701 937 2782 Responsoria
952 2702 994 2764 de
1010 2699 1117 2780 primo
1133 2706 1303 2761 nocturno.

241 2816 275 2886 (Ι
299 2811 396 2874 Feria
410 2812 462 2875 iii.
478 2813 521 2876 de
535 2814 671 2876 octauis.
718 2813 943 2895 Responsoria
957 2811 1001 2876 de
1015 2811 1162 2876 secundo
1177 2822 1348 2875 nocturno,

198 2289 272 2359 June

200 3009 360 3073 memoria
381 3011 424 3073 de
442 3012 565 3075 sanctis
596 3010 759 3076 Gildardo
779 3022 813 3075 et
840 3010 1013 3075 Medardo.
1072 3010 1130 3075 Ad
1156 3030 1318 3092 vesperas,
1339 3010 1402 3072 hec

200 3096 271 3158 sola
302 3097 495 3179 antiphona,
527 3098 704 3162 Sacerdos:
738 3097 900 3182 psalmus⁹
926 3098 1026 3160 Dixit
1047 3096 1219 3173 Dominus,
1244 3107 1278 3160 et
1300 3097 1399 3159 ceteri

200 3184 329 3266 psalmi,
346 3185 430 3247 sicut
446 3185 489 3248 ad
512 3186 637 3270 primas
652 3206 807 3268 vesperas
823 3185 906 3249 sesti.
952 3185 1177 3268 Responsoria
1199 3185 1344 3267 hymnus
1365 3193 1401 3247 et

199 3270 388 3347 versiculus,
404 3271 489 3335 sicut
504 3273 538 3335 in
555 3273 669 3356 primis
685 3274 865 3356 vesperis.¹⁰

241 3387 275 3457 (Ι
299 3383 397 3447 Feria
418 3405 455 3446 .v.
479 3386 523 3448 de
551 3385 703 3449 octauis.⁸
748 3385 981 3449 Inuitatorium
1005 3384 1149 3467 triplex:
1171 3385 1285 3447 omnia
1307 3395 1344 3448 vt
1365 3385 1399 3447 in

200 3471 307 3550 prima
329 3470 394 3534 die.
440 3470 554 3535 Medie
576 3471 734 3537 lectiones
757 3472 800 3535 de
822 3472 1024 3554 martyribus
1041 3472 1151 3534 Primo
1173 3482 1207 3534 et
1224 3471 1400 3535 Feliciano.

200 3554 354 3619 Secunde
384 3578 522 3641 vespere
547 3569 643 3623 erunt
669 3560 712 3623 de
737 3569 865 3633 octaua,
881 3568 916 3622 et
940 3559 1100 3622 memoria
1122 3559 1164 3622 de
1190 3568 1307 3622 sancto
1330 3558 1399 3622 Ed-

201 3643 335 3715 mundo,
351 3645 430 3726 quia
459 3644 581 3709 festum
616 3647 721 3710 sancti
749 3645 922 3710 Edmundi
951 3644 1121 3709 differetur
1147 3645 1180 3708 in
1207 3646 1398 3720 crastinum,

199 3729 324 3793 scilicet
340 3734 389 3793 .vi.
406 3731 529 3794 seriam.

241 3847 275 3917 (Ι
298 3842 396 3907 Feria
410 3843 460 3906 .vi.
476 3843 518 3907 de
540 3853 656 3908 sancto
680 3843 870 3919 Edmundo,
886 3844 932 3907 ix.
955 3843 1121 3908 lectiones.
1167 3844 1401 3908 Inuitatorium

198 3927 343 4010 triplex:
377 3939 410 3993 et
440 3930 561 3995 dicitur
590 3931 738 4016 psalmus
761 3932 824 3995 Ao
843 3942 873 3995 te
895 3929 1013 3993 buoni
1071 3929 1216 4014 Vespere
1238 3940 1335 3995 erunt
1356 3930 1400 3995 de
1460 3975 1465 3983 -

197 4027 313 4079 sancto
327 4017 517 4095 Edmund0‚
533 4028 567 4082 et
583 4019 744 4083 memoria
757 4019 799 4082 de
814 4028 932 4082 sancto
948 4017 1111 4082 Barnaba.

231 4186 522 4251 ¹tot2szodd87,88
897 4188 1174 4258 ’sociisque287,8&

231 4252 285 4292 ’Δ
300 4257 334 4304 In
341 4258 413 4318 place
422 4257 453 4317 of
458 4257 498 4307 the
503 4266 609 4322 passage
619 4258 780 4308 Nota—tunc
791 4268 823 4321 97
834 4258 889 4306 and
895 4270 925 4306 01
939 4257 1002 4305 hove
1013 4258 1053 4305 Et.

230 4317 242 4349 ⁴
256 4320 299 4369 xii.
312 4321 369 4385 Jun.
901 4320 912 4351 ⁸
929 4322 955 4372 S.
970 4321 1079 4371 Basilide
1090 4332 1137 4373 etc.

230 4380 473 4436 ‘totumofficiumz
489 4389 546 4437 odd.
560 4387 601 4449 87,
614 4387 654 4438 88.
904 4385 1061 4437 ⁷Bonifatio
1071 4388 1193 4453 sociisque
1204 4387 1267 4439 eius.

230 4447 376 4516 'Corporis
386 4452 488 4503 Christi.
902 4450 1089 4517 ’pnlmi287.

111 4542 116 4557 .
231 4513 252 4547 ¹⁰
269 4517 392 4567 Memoria
403 4517 435 4568 de
446 4527 533 4569 sancto
545 4518 696 4569 Edmundo:
713 4519 769 4568 add.
783 4518 824 4581 87,
838 4517 877 4568 88.
