3310 5206
307 438 337 489 18
402 440 599 493 ORDINALE
613 442 755 505 SARUM,
772 443 862 494 SIVE
877 442 1156 496 DIRECTORIUM
1167 443 1433 496 SACERDOTUM.

307 589 388 677 viii]
434 590 602 677 lTercium
625 596 663 660 F.
713 595 753 660 Ιη
776 617 866 661 anno
890 596 1048 675 bisextili,
1070 597 1207 679 quando
1230 597 1336 680 prima
1358 606 1409 661 est
1432 594 1514 679 (ix),

307 689 388 743 ωηο
403 679 637 765 accipiendum
652 693 705 746 est
720 692 876 767 quartum
892 684 931 757 F,
948 704 1008 766 pro
1023 684 1127 748 tercio
1143 684 1180 747 F.

347 836 382 907 (I
406 831 553 896 Primum
579 832 617 898 G.
666 835 705 899 Ιη
729 854 819 899 anno
841 833 999 913 bisextili,
1016 835 1153 918 quando
1178 834 1285 918 prima
1308 844 1360 898 est
1381 834 1442 917 (ii),
1458 832 1512 897 vel

306 917 375 996 xiii,
390 927 469 982 tunc
484 920 714 1004 accipiendum
730 920 913 986 secundum
933 921 971 999 G,
987 942 1048 1005 pro
1066 921 1097 986 G
1112 922 1228 1006 primo.

350 1066 543 1133 Secundum
562 1069 600 1135 G.
642 1071 681 1134 Ιη
703 1092 792 1135 anno
813 1071 969 1149 bisextili,
984 1072 1122 1154 quando
1140 1070 1248 1155 prima
1263 1080 1314 1134 est
1329 1068 1413 1153 (xv),
1428 1079 1511 1133 tunc

306 1154 537 1238 accipiendum
552 1166 604 1222 est
618 1158 758 1222 tercium
777 1157 816 1237 G,
831 1179 892 1243 pro
907 1160 1054 1223 secundo
1072 1158 1110 1224 G.

350 1302 504 1368 'lercium
528 1305 566 1369 G.
610 1306 648 1369 ln
670 1327 758 1370 anno
783 1306 940 1384 bisextili,
959 1307 1097 1389 quando
1121 1307 1230 1390 prima
1253 1306 1315 1370 erit
1339 1305 1415 1387 (ix),
1429 1315 1513 1370 tunc

307 1390 536 1474 accipiendum
551 1402 604 1456 est
618 1403 773 1476 quartum
793 1393 831 1472 G,
846 1414 908 1477 pro
923 1395 1026 1459 tercio
1045 1394 1083 1459 G.

352 1540 517 1624 Quartum
546 1541 583 1606 G.
632 1542 672 1607 Ιη
696 1563 785 1608 anno
808 1543 965 1620 bisextili,
980 1544 1115 1627 quando
1136 1543 1245 1626 prima
1266 1552 1319 1606 est
1341 1541 1415 1625 (xi),
1430 1552 1513 1606 ωηο

308 1629 538 1711 accipiendum
554 1638 604 1693 est
619 1630 772 1713 quintum
791 1630 830 1708 G,
845 1651 906 1714 pro
921 1641 1042 1715 quarto
1059 1630 1098 1694 G.

351 1783 386 1853 d
410 1779 455 1842 Et
470 1779 497 1841 si
513 1780 649 1861 quando
663 1789 697 1844 et
713 1781 867 1862 quotiens
883 1780 1012 1844 literam
1034 1778 1268 1843 dominicalem
1289 1778 1512 1842 abiiciendam

310 1864 503 1929 immediate
526 1866 619 1949 sequi
639 1867 728 1931 diem
748 1888 816 1950 quo
837 1869 990 1931 inseritur
1004 1887 1124 1930 aureus
1140 1886 1305 1939 numerus,
1322 1884 1378 1928 seu
1395 1866 1513 1946 prima,

309 1953 485 2035 contigerit
500 2002 507 2016 .
522 1963 557 2017 et
571 1953 665 2017 illum
688 1975 813 2018 annum
837 1955 906 2018 sore
927 1954 1127 2029 bisextilem,
1142 1963 1222 2017 tunc
1246 1953 1289 2016 de
1313 1953 1513 2016 necessitate

308 2049 442 2122 oportet
468 2039 512 2105 ad
543 2040 631 2104 diem
661 2040 815 2124 primum¹
843 2051 1038 2124 sequentem
1068 2060 1208 2104 numero
1237 2060 1299 2122 pro
1327 2039 1382 2103 die
1413 2059 1513 2122 pasce

311 2145 485 2204 recurrere,
510 2136 545 2190 et
571 2127 662 2191 illam
687 2128 814 2192 literam
841 2150 902 2211 pro
931 2128 989 2191 illo
1014 2148 1104 2191 anno
1133 2125 1368 2191 dominicalem
1398 2126 1511 2189 sumi:

310 2222 345 2276 et
374 2214 453 2296 quia
488 2214 544 2276 illa
577 2215 671 2278 litera
707 2216 759 2279 cui
795 2215 942 2299 infigitur
973 2235 1093 2278 aureus
1133 2234 1290 2277 numerus
1325 2214 1427 2297 niger,
1463 2214 1511 2276 sic

311 2309 456 2377 vocatur,
483 2321 541 2364 seu
577 2302 692 2384 prima,
729 2322 796 2366 non
834 2312 945 2385 potest
981 2322 1055 2365 esse
1092 2302 1163 2366 dies
1200 2320 1309 2382 pasce,
1345 2301 1404 2364 sed
1439 2300 1511 2363 dies

310 2406 442 2469 semper
461 2386 648 2452 dominicus
669 2391 842 2471 proximus
862 2410 1004 2472 sequens
1024 2390 1086 2452 erit
1105 2389 1175 2452 dies
1195 2408 1294 2469 pasce
1311 2410 1318 2449 ε
1333 2396 1368 2450 et
1384 2385 1512 2470 patebit

310 2475 451 2537 intuenti
469 2475 583 2539 :verbi
606 2477 721 2558 gratia,
738 2476 790 2542 Sit
814 2476 909 2540 litera
931 2473 1137 2539 dominicalis
1158 2475 1196 2552 F,
1210 2485 1245 2538 et
1267 2473 1452 2537 abiicienda
1467 2473 1510 2536 ad

311 2561 430 2624 festum
459 2562 597 2639 Mathie,
621 2563 663 2626 sit
686 2583 806 2627 aureus
830 2584 987 2627 numerus
1010 2583 1067 2627 seu
1095 2564 1202 2645 prima
1234 2562 1304 2638 .vii.,
1334 2571 1369 2625 et
1403 2580 1511 2624 annus

311 2647 501 2712 bisextilis:
525 2649 582 2713 Ad
602 2649 723 2713 festum
747 2650 871 2714 mathie
889 2650 1042 2714 abiicitur
1056 2649 1095 2727 F,
1117 2649 1328 2712 manifestum
1344 2657 1404 2725 est,
1421 2658 1456 2712 et
1478 2647 1512 2711 E

310 2735 452 2798 sumitur
475 2756 535 2817 pro
559 2736 653 2800 litera
676 2737 867 2801 dominicali
891 2735 1105 2819 subsequenti
1129 2735 1187 2798 illo
1209 2755 1326 2803 anno.
1353 2734 1510 2800 Ceterum

310 2822 409 2885 istam
440 2824 580 2905 primam
610 2823 672 2888 .vii.
701 2844 800 2906 super
831 2825 863 2887 E
895 2824 1114 2907 penultimam
1145 2823 1234 2886 diem
1266 2823 1382 2886 Marcii
1412 2823 1510 2886 inseri

311 2918 427 2972 notum
443 2919 495 2972 est
512 2933 519 2971 ε
539 2929 605 2992 que
622 2909 655 2973 E
677 2930 744 2974 non
768 2920 880 2993 potest
902 2931 975 2974 esse
999 2910 1070 2973 dies
1094 2930 1201 2993 pasce,
1217 2910 1296 2992 quia
1319 2907 1435 2991 prima,
1451 2930 1510 2973 seu

311 3016 429 3060 aureus
453 3016 618 3073 numerus,
635 3018 734 3081 super
757 3018 831 3061 eam
856 2998 962 3081 ipsam
988 2998 1111 3073 incidit,
1128 3017 1205 3060 cum
1231 2997 1302 3060 dies
1326 3015 1425 3078 pasce
1449 2997 1510 3061 erit

310 3103 442 3166 semper
457 3084 628 3166 proximus
643 3085 715 3148 dies
729 3083 915 3149 dominicus
930 3105 1073 3168 sequens
1088 3084 1228 3166 primam
1247 3106 1253 3146 :
1270 3092 1304 3146 et
1320 3103 1386 3145 non
1402 3082 1509 3148 solum

312 3189 370 3251 per
394 3171 491 3233 istam
518 3171 675 3252 regulam,
691 3173 750 3235 sed
775 3193 835 3255 per
857 3192 974 3235 omnes
998 3171 1129 3254 regulas
1155 3170 1197 3233 de
1221 3171 1276 3233 die
1300 3190 1399 3252 pasce
1421 3190 1510 3233 com-

311 3258 436 3338 positas
461 3281 468 3319 z
490 3258 550 3321 sed
571 3259 802 3322 recurrendum
824 3259 937 3322 estad
961 3259 1102 3341 primam
1128 3258 1160 3321 E
1185 3258 1282 3320 istam
1306 3269 1510 3339 sequentem,

310 3363 376 3426 que
406 3353 457 3407 est
486 3354 584 3408 sexta
609 3346 731 3428 aprilis,
756 3356 791 3408 et
821 3345 911 3409 illam
942 3346 1047 3427 accipi
1074 3366 1135 3427 pro
1160 3344 1215 3407 die
1241 3363 1342 3427 pasce
1368 3364 1433 3407 non
1461 3356 1511 3408 est

311 3431 450 3493 dubium
468 3455 476 3494 ι
491 3442 525 3495 et
540 3433 596 3495 ubi
613 3433 702 3516 prius
718 3434 899 3497 secundum
916 3434 1082 3497 videretur
1097 3432 1197 3495 luisse
1212 3431 1245 3495 E
1260 3433 1326 3494 iam
1343 3451 1410 3494 non
1425 3451 1510 3513 opus

312 3527 361 3580 est
377 3538 397 3580 a
412 3517 497 3581 sesto
514 3520 645 3593 mathie,
662 3530 695 3583 et
711 3521 841 3595 abinde,
857 3521 899 3582 ad
923 3518 1094 3583 historiam
1110 3518 1167 3600 (In
1182 3518 1358 3599 principio)
1373 3519 1510 3583 tercium

311 3605 344 3667 E
355 3605 462 3687 arripi,
477 3607 521 3669 ob
536 3626 636 3689 pasce
646 3607 733 3670 diem
750 3657 757 3669 .
773 3606 822 3669 .vi.
838 3607 891 3670 die
902 3607 1016 3689 aprilis
1032 3605 1218 3683 cadentem,
1228 3626 1249 3668 a
1260 3625 1328 3687 quo
1342 3604 1396 3668 die
1411 3626 1510 3687 pasce

311 3692 424 3755 omnia
440 3692 523 3756 sesta
543 3693 678 3757 mobilia
699 3703 880 3776 reguntur.
897 3695 951 3772 Et,
967 3703 1004 3756 ut
1023 3703 1134 3756 actum
1156 3702 1206 3756 est
1225 3692 1345 3756 dehoc
1362 3692 1424 3768 die,
1441 3694 1511 3775 pari

314 3780 414 3843 modo
430 3780 471 3842 de
487 3781 603 3844 ceteris
619 3781 714 3844 annis
730 3780 940 3845 bisextilibus
955 3780 1123 3864 agendum
1139 3789 1198 3843 est

792 4493 800 4525 ¹
817 4495 957 4561 proximum
970 4514 978 4546 t
990 4496 1030 4557 98.
