3372 5224
294 433 341 470 loo
616 417 890 469 DIRECTORIUM
906 418 1171 469 SACERDOTUM.

293 620 434 693 June18.]
468 588 502 657 (1
527 572 566 634 In
590 572 644 672 die
668 541 790 636 Sancte
806 570 990 647 Trinitatis,
1005 579 1114 671 totum
1132 571 1174 634 de
1190 570 1284 647 sesto,
1301 580 1335 635 et
1351 571 1435 634 nihil
1451 572 1494 635 de

470 660 669 739 martyribus
686 659 803 722 Marco
814 666 849 720 et
866 657 1105 721 Marcelliano,l

286 858 288 863 ,
336 785 370 855 (Ι
394 778 552 862 Quotidie
587 799 646 861 per
677 777 925 845 hebdomadam
964 798 1064 861 super
1101 778 1267 862 psalmum
1306 777 1496 861 Quicunque

297 866 417 929 dicitur
432 864 617 948 antiphona
635 864 780 929 Obeata.

333 984 469 1067 [dvii]
512 992 546 1062 ([
570 985 665 1047 Feria
687 984 736 1060 .ii.,
760 984 801 1048 de
823 984 947 1047 sanctis
971 983 1133 1054 Geruasio
1156 995 1189 1047 et
1213 985 1393 1048 Prothasio
1441 987 1496 1049 ln-

297 1072 489 1136 uitatorium
506 1072 643 1154 duplex,
657 1082 724 1135 tres
741 1071 899 1134 lectiones
922 1091 997 1133 cum
1016 1073 1248 1154 Responsoriis
1265 1072 1334 1135 Hec
1347 1082 1395 1135 est
1410 1094 1496 1149 vero,

296 1161 452 1223 memoria
471 1161 513 1222 de
528 1160 664 1235 oetauis‚
679 1158 734 1222 de⁹
750 1168 865 1221 sancta
882 1158 998 1235 Maria,
1013 1168 1046 1221 et
1062 1159 1104 1220 de
1120 1158 1285 1222 Omnibus
1303 1160 1442 1223 Sanctis.

339 1285 373 1355 (l
397 1280 493 1342 Feria
507 1280 558 1343 .iii.
574 1279 617 1342 de
632 1279 717 1342 sesto
732 1279 795 1342 loci
809 1303 816 1343 :
839 1279 998 1342 memoria
1013 1279 1056 1342 de
1068 1289 1184 1342 sancto
1201 1281 1391 1358 Edward0,³
1406 1289 1440 1346 et
1456 1282 1497 1344 de

297 1369 433 1430 octauis.

340 1494 374 1563 (i
399 1487 494 1551 Feria
516 1486 578 1549 iiii.
602 1485 643 1548 de
666 1494 782 1549 sancta
806 1485 922 1561 Maria,
944 1497 977 1549 et
1001 1487 1160 1549 memoria
1181 1488 1223 1550 de
1237 1489 1373 1551 octauis
1417 1488 1496 1553 *Vbi

287 1575 382 1638 'fiunt
397 1585 463 1638 tres
479 1574 821 1649 commemorationes,
837 1573 917 1636 feria
932 1574 971 1636 ii.
988 1574 1049 1636 erit
1064 1595 1129 1637 vna
1144 1575 1439 1640 commemoratio,⁶

341 1702 375 1772 01
399 1695 495 1758 Feria
510 1716 546 1756 .v.
564 1693 684 1756 sestum
710 1692 865 1775 Corporis
889 1692 1020 1769 Christi,
1043 1695 1150 1757 maius
1174 1695 1324 1777 duplex;
1346 1706 1381 1759 et
1396 1695 1497 1760 habet

298 1792 435 1846 octauas
458 1801 533 1843 curn
557 1780 716 1862 regimine
736 1780 835 1843 chori.
881 1778 938 1842 Ad
954 1783 1117 1844 secundas
1134 1802 1296 1863 vesperas,
1313 1783 1496 1865 antiphona

301 1869 480 1950 Sapientia,
507 1867 655 1950 psalmus
679 1866 779 1929 Ducit
805 1866 975 1939 Dominus,
1007 1877 1040 1930 et
1070 1870 1168 1932 ceteri
1200 1869 1318 1951 psalmi
1349 1871 1433 1933 sicut
1463 1872 1496 1932 in

287 2002 289 2005 -
302 1957 408 2040 prima
424 1964 521 2018 nocte
533 1976 540 2031 ;
567 1955 725 2036 Hymnus
741 1952 856 2017 Sacris
868 1954 1028 2026 solenniis,
1041 1955 1222 2018 'versiculus
1237 1957 1364 2019 Partem
1379 1957 1418 2021 de
1431 1957 1498 2019 celo.

342 2082 376 2152 01
402 2074 461 2137 Isti
491 2072 619 2156 psalmi,
651 2072 805 2153 hymnus,
835 2082 869 2135 et
899 2073 1088 2148 versiculus,
1124 2073 1279 2137 dicuntur
1314 2096 1373 2155 per
1408 2084 1496 2140 totas

300 2172 446 2237 octauas,
470 2162 512 2223 ad
547 2180 708 2243 vesperas,
735 2161 870 2241 quando
902 2160 943 2222 de
975 2161 1103 2223 octauis
1135 2161 1172 2224 fit
1201 2163 1384 2225 seruicium.
1440 2163 1495 2225 Ad

299 2249 463 2312 secundas
486 2267 648 2328 vesperas,
665 2246 728 2309 sub
750 2246 881 2309 silentio
903 2245 961 2309 fiat
985 2248 1144 2311 memoria
1160 2249 1203 2311 de
1218 2260 1336 2312 sancto
1352 2249 1496 2322 Alban0,

300 2346 334 2399 et
350 2338 392 2400 de
408 2344 522 2397 sancta
539 2332 742 2397 Etheldreda
758 2333 893 2415 virgine.

343 2444 377 2513 (i
403 2439 441 2502 ln
466 2436 557 2500 lestis
586 2445 777 2499 sanctorum
805 2438 859 2498 ix.
890 2436 1077 2513 lectionum,
1104 2438 1187 2500 infra
1211 2449 1347 2502 octauas
1371 2439 1499 2503 contin·

300 2525 464 2608 gentibus,
498 2544 563 2587 non
599 2523 730 2586 dicitur⁰
769 2522 891 2598 Gloria,
921 2523 989 2599 tibi,
1019 2524 1167 2599 Domine,
1199 2526 1260 2588 nisi
1291 2529 1426 2607 quando
1457 2528 1498 2589 de

298 2613 427 2676 octauis
444 2611 480 2675 fit
496 2609 670 2674 seruicium
693 2612 836 2673 tantum⁷
853 2632 860 2686 ;
882 2619 918 2673 vt
934 2621 1027 2692 patet
1042 2611 1075 2674 in
1091 2612 1122 2674 A
1143 2610 1326 2695 primum†.⁸

342 2741 376 2810 (l
400 2734 496 2797 Feria
511 2734 559 2795 .vi.
581 2733 623 2795 de
643 2742 759 2795 sancto
777 2732 921 2807 Albano,
937 2732 991 2795 ix.
1008 2732 1165 2796 lectiones
1181 2754 1257 2796 curn
1274 2735 1499 2819 Responsorio

303 2821 522 2903 Percepturus,
552 2821 598 2882 ita
628 2819 717 2901 quod
751 2819 859 2881 medie
889 2819 1046 2881 lectiones
1080 2819 1160 2883 fiant
1185 2823 1228 2883 dc
1251 2823 1399 2903 virgine,l
1423 2842 1498 2885 cum

304 2907 528 2990 Responsorio
561 2907 712 2989 Regnum
745 2905 883 2981 mnndi;
916 2907 1075 2969 memoria
1105 2907 1148 2969 de
1183 2909 1330 2991 utrisque
1363 2909 1499 2972 octauis.

301 2995 407 3058 Missa
416 2996 458 3058 de
474 2993 611 3077 vigilia¹⁰
626 2992 806 3056 solenniter
821 2991 1002 3055 celebretur
1017 2994 1059 3055 ad
1077 2995 1257 3077 principale
1272 2996 1384 3059 altare.

343 3121 377 3191 (Ι
401 3114 457 3178 Ad
484 3134 638 3194 vesperas
662 3112 703 3175 de
726 3122 844 3175 sancto
870 3112 1019 3176 Iohanne
1043 3114 1194 3196 Baptista
1221 3115 1328 3179 ¹¹fiet¹²
1353 3119 1499 3182 solennis

302 3202 462 3265 memoria
484 3202 525 3264 de
549 3211 665 3263 sancto
689 3199 832 3273 Albano
855 3209 889 3262 et
912 3200 955 3262 de
977 3201 1104 3263 octauis
1121 3201 1277 3284 Corporis
1294 3202 1426 3283 Christi,
1440 3206 1499 3268 sed

301 3291 344 3352 de
360 3289 488 3351 octauis
503 3287 678 3351 Trinitatis
695 3286 886 3369 priuatim.¹²

345 3415 379 3484 (i
400 3407 558 3482 sabbato,
568 3407 610 3468 de
620 3415 737 3468 sancto
750 3405 907 3481 iohanne,
919 3407 1038 3471 festum
1050 3409 1159 3470 minus
1170 3408 1332 3491 duplex,¹⁸
1343 3414 1502 3476 memoria

302 3496 482 3559 deoctauis
494 3493 647 3576 Corporis
662 3491 784 3557 Christi
800 3492 980 3556 solenniter
995 3494 1037 3556 ad
1054 3497 1235 3559 matutinas
1246 3508 1279 3560 et
1289 3499 1331 3560 ad
1345 3500 1479 3563 missam
1494 3522 1501 3576 ;

336 3752 344 3783 ¹
362 3753 403 3802 Ad
414 3751 535 3801 secundas
545 3764 660 3814 vesperas
671 3748 763 3799 Sancte
775 3749 905 3798 Trinitatis
917 3750 979 3799 nihil
991 3750 1032 3799 fiat
1045 3751 1077 3800 de
1088 3752 1254 3815 martyribus:
1271 3756 1327 3803 odd.
1341 3765 1382 3817 97,
1395 3769 1435 3806 01.

334 3816 346 3913 ἶ
361 3827 389 3911 εἱ
398 3817 474 3881 before
484 3815 516 3928 {e
527 3825 592 3928 2837,
604 3828 644 3864 01.
950 3814 961 3846 ³
978 3816 1070 3866 Sedes.
1087 3819 1265 3877 erudiuntur,
1278 3822 1291 3879 5
1305 3833 1358 3880 111,
1372 3838 1396 3886 p.
1411 3821 1451 3871 61.

347 3912 379 3919 -
404 3896 472 3930 one:
505 3892 528 3942 7,
575 3917 581 3930 .

336 3948 346 3978 ⁶
363 3945 573 4003 commemoratio,
587 3952 611 3993 et
623 3951 682 3994 tunc
693 3945 726 3994 nd
738 3944 761 3993 ii.
773 3960 888 4009 vesperas
900 3954 995 3995 tantum
1008 3947 1201 4011 Responsorium
1211 3948 1254 3997 fiat
1263 3950 1372 4001 solennis
1383 3953 1504 4001 memorie.

304 4015 337 4065 de
348 4013 391 4063 illa
402 4010 655 4061 commemoratione:
672 4011 727 4059 ant.
742 4022 783 4071 97,
795 4024 835 4060 01.

337 4077 348 4109 ⁶
364 4092 447 4126 versus
458 4075 534 4139 before
545 4075 649 4124 Gloria:
667 4075 708 4135 87,
721 4074 760 4124 88.

337 4142 390 4179 ⁷-⁸
406 4159 452 4190 om.
467 4159 473 4189 ι
492 4140 533 4202 87,
546 4139 585 4188 88.
623 4141 670 4188 Pro
682 4143 706 4188 A
719 4140 808 4204 primo,
821 4139 878 4189 vide
890 4156 973 4205 supra,
987 4157 1011 4205 p.
1026 4154 1066 4203 41.

337 4208 348 4239 ⁹
365 4210 390 4257 S.
407 4205 566 4256 Etheldreda.
602 4204 641 4254 cf.
659 4207 733 4254 Crede
745 4206 836 4265 Mr'clri,
849 4207 862 4264 ἕ
877 4217 931 4267 149,
944 4222 986 4300 pp.
1002 4217 1042 4267 70,
1057 4218 1095 4268 71.

338 4273 358 4304 ¹⁰
375 4274 400 4323 S.
417 4271 535 4321 Iohannis
547 4271 618 4334 Bapt.
956 4270 964 4300 ¹
982 4272 1043 4320 fiat:
1061 4272 1101 4333 87,
1115 4271 1154 4322 88.

338 4336 410 4375 Η)
426 4338 468 4386 fret
487 4337 534 4386 sub
551 4334 650 4384 silentio
672 4334 792 4384 memoria
810 4335 842 4385 de
859 4344 946 4385 sancto
963 4337 1063 4386 Albano
1080 4347 1105 4387 et
1117 4339 1146 4388 de
1160 4340 1256 4390 octauis
1274 4340 1393 4407 Corporis
1411 4343 1505 4393 Christi

306 4403 449 4461 solenniter,
463 4402 494 4450 de
506 4400 601 4450 octauis
612 4400 741 4449 Trinitatis
753 4400 888 4466 priuatim:
905 4413 946 4463 97,
959 4414 999 4452 οι.
1036 4402 1086 4453 Sed
1101 4403 1158 4454 uide
1170 4405 1245 4454 Brev.
1260 4407 1317 4456 Sar.
1332 4408 1347 4457 i.
1363 4424 1387 4472 p.
1401 4408 1493 4458 mxxxi.

338 4468 357 4500 ¹³
374 4478 398 4519 et
410 4468 486 4532 before
496 4465 616 4516 memoria
630 4484 636 4516 :
654 4465 694 4525 87,
707 4464 746 4515 88.
