3372 5224
572 448 735 499 PRIMUM
752 448 785 498 B.
819 449 874 496 xvi.
893 448 954 496 xiii.
973 463 997 496 v.
1017 447 1047 495 ii.
1352 455 1397 509 125

192 610 281 665 totas
303 610 452 676 octauas,
472 602 610 684 quando
632 601 675 664 de
697 600 825 664 octauis
849 599 885 662 fit
908 599 1103 663 seruiciurn:
1125 609 1160 662 et
1176 599 1234 663 fiat
1251 598 1398 663 solennis

195 689 354 753 memoria
370 693 413 754 de
429 698 546 752 sancto
562 688 754 771 Augustino
770 696 910 751 tantum.

235 815 270 886 (I
294 810 391 877 Feria
406 811 455 873 .vi.
471 810 513 872 de
538 818 656 871 sancto
681 808 885 891 Augustin0,
902 805 1042 871 Inferius
1066 806 1216 888 duplex;
1238 805 1398 870 memoria

194 896 236 959 de
265 897 394 959 octauis
425 896 581 978 Corporis
617 894 740 961 Christi
775 893 963 965 solenniter.
998 894 1055 957 Ad
1087 893 1269 957 matutinas
1301 941 1309 956 .
1341 893 1397 957 ad¹

194 982 331 1047 missam
345 994 380 1047 et
395 984 439 1046 ad
454 1003 609 1066 vesperas
624 1029 632 1043 .
648 992 682 1044 et
697 981 760 1052 sub
775 981 907 1044 silentio
923 980 964 1043 de
979 981 1107 1044 octauis
1123 979 1319 1044 Trinitatis2

235 1108 270 1178 {I
293 1102 444 1168 Sabbato
470 1102 513 1165 de
543 1097 683 1165 octauis³
712 1100 764 1164 .iii.
800 1100 987 1164 lectiones.
1009 1099 1170 1163 memoria
1205 1100 1248 1163 de
1280 1108 1400 1163 sancto

194 1188 372 1263 Germano,
388 1200 422 1253 et
433 1189 476 1251 de
491 1189 619 1252 octauis
634 1188 817 1251 Trinitatis.
862 1186 920 1249 Ad
935 1207 1090 1270 vesperas
1105 1187 1148 1250 de
1162 1187 1291 1255 octauis
1307 1186 1398 1250 nulla

194 1277 332 1339 omnino
358 1276 418 1340 fiat
442 1277 603 1339 memoria
627 1276 670 1339 de
693 1275 872 1350 dominica,
898 1294 1008 1358 neque
1030 1278 1073 1339 de
1096 1275 1273 1351 Trinitate,
1289 1293 1398 1355 neque

196 1363 363 1446 processio
378 1364 444 1428 fiat
491 1362 579 1445 Quia
591 1363 655 1426 ista
670 1362 837 1425 dominica
851 1361 1056 1424 transfertur.

196 1536 248 1588 Ma
278 1549 293 1587 2
322 1531 334 1604 ]
370 1488 405 1559 ΙΙ
428 1483 606 1546 Dominica
628 1482 713 1545 inira
734 1491 872 1544 octauas
895 1480 1052 1564 Corporis
1076 1480 1208 1557 Christi,
1231 1490 1339 1545 totum
1356 1483 1399 1545 de

195 1549 519 1720 nuliainenffiglis:
543 1589 668 1632 nonum
693 1569 957 1651 Responsorium
980 1589 1000 1630 a
1023 1568 1154 1632 duobus
1179 1578 1398 1632 cantetur.et

237 1782 272 1852 01
294 1776 392 1840 Feria
406 1778 447 1840 ii.
462 1777 505 1840 de
521 1777 656 1840 octauis.
702 1775 930 1858 Responsoria
944 1774 988 1837 de
1003 1774 1111 1857 primo
1127 1784 1291 1838 nocturno

236 1902 271 1973 (I
295 1897 392 1960 Feria
406 1896 457 1960 iii.
473 1898 516 1960 de
531 1897 666 1959 octauis.
714 1894 938 1978 Responsoria
954 1893 995 1957 de
1011 1894 1159 1958 secundo
1174 1905 1347 1967 nocturno
1362 1904 1397 1959 et

196 1983 357 2047 memoria
372 1986 415 2047 de
429 1993 546 2047 sancta
563 1981 751 2046 Petroniila.

238 2110 273 2180 (Ι
295 2103 393 2167 Feria
416 2103 479 2166 iiii.
502 2104 545 2166 de
566 2104 702 2166 octauis.
749 2103 975 2185 Responsoria
997 2102 1040 2164 de
1063 2103 1166 2165 tercio
1187 2112 1351 2165 nocturno
1365 2113 1399 2166 et

196 2193 357 2254 memoria
380 2191 422 2254 de
445 2200 562 2254 sancto
578 2190 787 2253 Nichomede
804 2200 957 2270 martyre.
1004 2189 1060 2251 Ad
1075 2210 1232 2272 vesperas
1247 2189 1310 2252 hec
1326 2189 1398 2253 sola

196 2279 382 2360 antiphona
406 2278 585 2342 Sacerdos:
608 2276 764 2359 psalmus,
787 2277 888 2339 Dicit
910 2276 1104 2339 Dominus.
1128 2287 1162 2340 et
1183 2277 1292 2354 ceteri,
1314 2277 1399 2340 sicut

196 2366 229 2428 in
246 2366 361 2447 primis
376 2365 540 2447 vesperis.
553 2366 712 2427 memoria
728 2364 771 2426 de
787 2364 1009 2446 martyribus.⁴

239 2491 272 2561 (i
296 2485 393 2548 Feria
405 2508 442 2548 .v.
452 2485 495 2547 de
507 2485 635 2547 octauis
648 2506 657 2561 ;
680 2484 913 2548 Inuitatorium
922 2483 1101 2566 triplex,et
1114 2483 1223 2547 medie
1239 2483 1398 2548 lectiones

197 2572 239 2636 de
255 2572 478 2654 martyribus.⁴
523 2572 580 2635 Ad
596 2573 760 2636 secundas
775 2591 931 2653 vesperas
948 2571 1097 2653 psalmus
1112 2570 1213 2633 Diuit
1226 2571 1401 2648 Dominus,

197 2670 230 2724 et
252 2660 317 2735 alii,
332 2670 368 2722 vt
384 2659 427 2722 ad
450 2659 575 2742 primas
594 2679 758 2741 vesperas.
806 2659 965 2737 Hymnus
982 2657 1098 2722 Sacris
1111 2657 1272 2721 solenniis.
1287 2657 1399 2722 Versi-

195 2747 288 2810 culus
302 2747 429 2809 Panem
443 2746 483 2808 de
496 2746 580 2809 celo:
602 2746 762 2809 memoria
776 2745 820 2808 de
835 2745 921 2809 sesto
936 2744 1008 2808 loci

238 2874 273 2945 (I
297 2866 394 2930 Ferin
409 2867 459 2929 ‚vi
475 2867 516 2929 de
533 2866 618 2930 sesto
633 2866 704 2930 loci.

238 2994 273 3064 01
296 2987 455 3061 Sabbato,
479 2987 522 3050 de
544 2996 661 3050 sancta
680 2987 796 3049 Maria
841 2986 898 3049 Ad
921 3004 1078 3066 vesperas
1101 2984 1221 3048 dicitur
1244 2985 1399 3068 Respon-

196 3078 319 3139 sorium
336 3074 444 3137 Deum
458 3075 555 3137 time.
567 3073 751 3157 antiphona
766 3073 917 3154 Loquere,
931 3072 1080 3149 Domine,
1096 3071 1244 3153 psalmus
1260 3073 1398 3155 Magni·

188 3162 296 3245 ficut.-
318 3164 366 3224 et⁵
378 3162 539 3225 memoria
550 3161 594 3225 de
608 3162 733 3224 sanctis
746 3160 920 3223 Bonifacio
934 3157 1183 3241 sociorumquei
1197 3159 1267 3222 eius
1279 3180 1287 3237 ;
1310 3161 1398 3224 etde

197 3250 372 3325 Trinitate,
386 3268 461 3311 curn
479 3248 689 3331 processione
703 3257 782 3311 ante
797 3267 938 3310 crucem.

196 3420 269 3490 r..
283 3416 319 3489 n
372 3365 1402 3529 ‘uniunfitnnntnnz

197 3541 419 3624 martyribus!
466 3542 504 3605 In
522 3541 675 3605 laudibus
689 3562 806 3606 omnes
821 3541 1003 3625 antiphone
1018 3540 1182 3604 dicuntur.

236 3669 271 3739 {I
294 3663 392 3726 Feria
408 3663 447 3725 ‚ii
464 3663 507 3726 de
522 3661 693 3726 festoloci.

238 3788 273 3859 ΙΙ
296 3784 394 3847 Feria
409 3783 460 3846 iii.
475 3783 519 3846 de
533 3793 650 3846 sancta
667 3783 782 3846 Maria

196 3999 231 4055 et
247 3991 482 4074 Responsoriis
497 3990 540 4053 de
556 3990 663 4072 primo
678 4000 841 4054 nocturno
855 3989 1072 4073 plurimorum
1089 3987 1323 4051 consessorum.

227 4294 239 4390 2
254 4293 524 4425 ssoph'ghfiieffinu
535 4358 654 4424 Corporis
664 4356 757 4408 Christi
768 4375 776 4409 z
792 4357 849 4406 adei
868 4366 910 4417 97,
922 4367 962 4404 or.
1074 4418 1079 4429 Ι

228 4423 239 4456 ²
254 4425 374 4491 Corporis
384 4425 485 4475 Christi.
877 4420 889 4450 ⁴
906 4421 951 4469 SS.
967 4420 1115 4494 Marceilmo
1125 4426 1151 4469 et
1163 4419 1244 4469 Petro.

227 4489 240 4521 ⁸
255 4500 297 4541 et:
313 4508 360 4540 orn.
376 4491 417 4551 87,
430 4490 469 4539 88.
879 4484 891 4515 ⁸
907 4485 933 4535 S.
948 4485 1077 4535 Bonifatio
1088 4493 1135 4534 etc.
