3310 5206
275 464 308 512 42
603 448 879 501 DIRECTORIUM
898 449 1164 502 SACERDOTUM.

371 656 375 662 .
454 602 686 678 {Dominica
712 602 797 665 infra
821 616 959 669 octauas
975 603 1131 686 Corporis
1148 600 1280 678 Christi,
1305 611 1413 665 totum
1438 603 1482 666 de

282 650 419 722 Mam]
456 690 607 766 octauis,¹
622 692 669 753 et²
693 690 801 753 medie
826 689 985 757 lectiones
1015 690 1058 754 de
1088 703 1205 751 sancto
1231 686 1428 752 Germano¹.
1444 688 1482 752 ix

208 846 212 858 Ι
281 776 576 858 Responsoriuma
591 777 722 841 duobus
738 787 908 844 cantetur.
921 780 959 843 In
969 777 1123 841 laudibus
1134 795 1199 838 vna
1209 775 1280 838 sola
1289 777 1482 857 antiphona,

280 873 315 925 et
323 863 498 927 ⁸memoria
510 863 552 926 de
562 872 679 926 sancto
692 862 873 928 Germano³
887 914 895 930 .
912 866 968 929 Ad
985 866 1136 947 primam,
1148 862 1332 944 antiphona
1348 863 1392 926 Te
1402 864 1481 926 iure.

321 988 356 1059 ἦ
380 984 476 1047 Feria
491 985 531 1048 .ii.
548 985 590 1048 de
605 995 734 1062 octaua,
750 987 799 1050 ‚iit
817 988 998 1051 lectiones:
1014 984 1191 1050 versiculus
1206 995 1240 1047 et
1257 984 1483 1064 Responsoria

279 1070 443 1153 deprimo
460 1082 629 1135 nocturno.

320 1196 355 1266 (Ι
378 1191 475 1254 Feria
490 1192 542 1256 .ii.⁴
558 1193 601 1255 dc
623 1203 762 1257 octaua:
778 1193 959 1259 versiculus
973 1203 1008 1258 et
1024 1192 1250 1274 Responsoria
1271 1192 1315 1254 de
1335 1193 1484 1256 secundo

277 1288 448 1342 nocturno

282 1432 285 1441 =
320 1402 354 1473 (Ι
378 1397 476 1461 Feria
491 1399 553 1462 iiii.
570 1401 751 1464 versiculus
766 1412 801 1465 et
818 1402 1046 1485 Responsoria
1068 1401 1111 1463 de
1133 1398 1236 1462 tercio
1258 1408 1430 1467 nocturno,
1447 1408 1481 1462 et

278 1487 439 1549 memoria
459 1488 502 1549 de
517 1496 633 1550 sancta
647 1488 835 1552 Petronilla.
852 1489 909 1553 Ad
921 1509 1085 1570 vesperas,
1101 1487 1286 1567 antiphona
1304 1486 1482 1562 Sacerdos,³

278 1571 426 1653 psalmus
441 1571 542 1635 Dicit
554 1574 715 1651 doenr'rrus,
731 1585 765 1639 et
780 1577 879 1640 ceteri
896 1576 1026 1659 psalmi,
1043 1576 1128 1637 sicut
1145 1574 1178 1635 in
1195 1572 1311 1654 primis
1326 1574 1482 1655 vesperis,

278 1678 353 1720 cum
370 1659 516 1741 capitulo
531 1669 566 1723 et
583 1662 818 1744 Responsorio

319 1783 353 1854 ᾖ
377 1778 474 1841 Feria
489 1801 526 1842 .v.
542 1780 585 1844 de
601 1781 742 1855 octaua,⁰
759 1782 986 1846 inuitatorium
1004 1780 1126 1862 triplex
1142 1802 1149 1842 ε
1173 1780 1333 1842 memoria
1348 1790 1481 1843 tanturn

276 1864 320 1927 de
343 1876 461 1928 sancto
489 1867 682 1932 Nicomede.
730 1869 768 1932 In
794 1869 948 1933 laudibus
968 1888 1084 1931 omnes
1111 1867 1293 1948 antiphone
1318 1868 1481 1930 dicuntur.

277 1951 334 2014 Ad
365 1955 528 2017 secundas
563 1976 728 2038 vesperas,
752 1957 938 2039 antiphona
974 1955 1170 2037 Sapientia:
1202 1954 1350 2036 psalmus
1381 1953 1484 2016 Dixit

275 2037 448 2116 Dominus,
474 2061 549 2103 cum
572 2043 697 2119 ceteris,
720 2053 756 2106 vt
786 2045 908 2126 supra!
963 2042 1122 2125 Hymnus
1154 2041 1270 2104 Sacris
1293 2041 1484 2105 solennird.

277 2124 455 2189 versiculus
485 2127 613 2192 Panem
642 2129 682 2192 de
709 2130 780 2205 celo,
811 2130 996 2213 antiphona
1029 2129 1058 2194 O
1086 2149 1215 2191 sacrum
1232 2178 1238 2191 .
1253 2129 1412 2191 memoria
1438 2129 1482 2191 de

276 2210 361 2276 sesto
377 2213 449 2290 loci,
464 2226 498 2277 et
514 2216 557 2279 de
573 2217 695 2280 sanctis
708 2218 930 2300 martyribus.⁰

318 2339 352 2410 ᾖ
376 2334 473 2397 Feria
490 2336 536 2398 vi.
553 2335 595 2399 de
612 2335 696 2400 festo
712 2335 785 2400 loci.

319 2459 353 2529 (l
376 2454 535 2530 Sabbato,
552 2457 594 2519 de
610 2468 727 2520 sancta
744 2457 859 2521 Maria.
906 2456 963 2519 Ad
979 2475 1133 2538 vesperas
1157 2455 1329 2519 inchoetur
1343 2456 1479 2519 historia

276 2561 352 2605 curn
378 2543 604 2628 Responsorio
627 2544 736 2607 Deum
760 2546 864 2607 time¹⁰
877 2568 889 2608 .·
913 2543 1073 2606 memoria
1094 2543 1136 2606 de
1152 2543 1323 2618 Trinitate,
1346 2554 1381 2607 et
1404 2564 1480 2626 pro·

275 2629 381 2691 cessio
398 2630 455 2693 fiat
470 2642 549 2694 ante
565 2652 705 2695 crucem.

450 2755 485 2826 Ε
508 2750 688 2815 Dominica
703 2753 810 2833 prima
833 2760 909 2834 post
930 2760 1067 2814 octauas
1084 2750 1240 2833 Corporis
1258 2750 1390 2826 Christi,
1407 2760 1480 2814 tota

452 2836 596 2901 dicitur¹l
612 2838 750 2903 historia
765 2839 858 2902 Deus
871 2838 1027 2901 omnium.
1046 2839 1082 2900 ix
1099 2837 1362 2919 Responsorinm
1378 2837 1480 2900 Bene-

275 2919 397 2984 dicat.¹'
453 2924 492 2986 In
532 2924 685 2989 laudibus
722 2946 839 2989 omnes
877 2925 1059 3006 antiphone
1096 2924 1258 2987 dicuntur.
1326 2924 1482 2989 Secunde

276 3027 411 3090 vespere
426 3008 548 3073 erunt¹³
563 3013 606 3075 de
621 3013 797 3090 dominica,
812 3023 846 3076 et
862 3013 1023 3075 memoria
1038 3012 1080 3075 de
1097 3012 1332 3094 martyribus.¹⁴

275 2799 347 2868 June
360 2796 398 2870 4]

317 3133 353 3204 (ἶ
376 3129 471 3193 Feria
492 3131 534 3195 .ii.
556 3133 599 3196 de
621 3142 738 3196 sancto
756 3132 929 3196 Bonisacio
946 3130 1206 3214 Sociorumquei
1221 3132 1299 3194 eius.
1352 3132 1481 3194 Inuita-

275 3217 395 3279 torinm
423 3216 551 3299 duplex
568 3268 575 3282 .
591 3220 632 3282 iii.
658 3220 818 3284 lectiones
843 3222 885 3283 de
909 3220 1087 3283 communi.
1134 3218 1330 3300 Capitulum
1354 3218 1483 3282 Reddet

275 3302 404 3367 denset
428 3306 590 3368 memorie
605 3318 764 3371 consuete
783 3308 946 3371 dicuntur.

308 3577 360 3616 ¹-¹
378 3589 402 3629 et
420 3590 517 3631 tanturn
538 3581 658 3633 memoria
679 3583 756 3634 des.
778 3584 981 3663 Germanorum,
1001 3597 1043 3644 01,
1064 3583 1106 3643 08,
1125 3599 1153 3633 as
1174 3583 1201 3633 in
1220 3584 1263 3633 the
1282 3582 1399 3646 Breviury
1420 3581 1483 3632 Pica

275 3645 534 3786 (LQ'nircritdiantum
546 3714 667 3763 memoria
677 3713 772 3764 scilicet
782 3713 814 3764 de
826 3713 853 3764 S.
868 3658 1069 3776 Germairh'ftii',
1079 3648 1122 3764 {p
1133 3648 1173 3699 88⁸

307 3772 319 3803 ⁴
335 3775 422 3826 Thus:
439 3786 459 3825 rt
470 3777 559 3827 should
572 3779 602 3827 be
614 3778 648 3829 iii.
663 3795 690 3828 as
702 3779 727 3828 in
739 3779 783 3830 the
793 3781 884 3830 others.

308 3838 319 3869 ³
337 3840 413 3889 Crede
424 3842 515 3902 Michi,
528 3846 541 3902 5
555 3855 609 3904 121,
623 3860 647 3909 p.
662 3844 702 3906 64
928 3843 940 3876 ⁰
955 3844 1075 3910 Corporis
1082 3844 1182 3895 Christi.

307 3904 318 3937 ⁷
335 3906 376 3956 De
388 3906 493 3957 Psalmis
503 3908 529 3957 in
540 3918 605 3959 octa.
641 3909 760 3975 Corporis
771 3909 864 3961 Christi
880 3911 911 3961 cs.
927 3911 1029 3975 Desens.
1043 3911 1190 3969 Directoeii,
1204 3925 1224 3959 c.
1243 3922 1281 3970 19,
1294 3925 1318 3974 p.
1333 3921 1356 3971 9.

308 3968 375 4020 ⁸De
386 3972 481 4035 hymno
491 3972 518 4022 in
535 3975 607 4024 Octa.
644 3975 682 4025 Co
729 3975 762 4025 ris
779 3976 881 4036 Christi,
894 3979 970 4026 Brcv.
990 3977 1048 4025 Sar.
1068 3975 1085 4025 i.
1099 3973 1216 4025 mclxxiv.
1253 3976 1338 4023 Sacris
1348 3975 1477 4024 solenniis.

279 4043 305 4086 et
316 4035 348 4085 V.
361 4038 457 4087 Panem
468 4039 562 4098 decdo,
581 4039 639 4089 vide
649 4042 690 4089 De
700 4042 827 4089 amorium
838 4042 985 4101 Dircam-ii,
998 4056 1020 4091 c.
1035 4053 1076 4099 22,
1089 4056 1114 4105 p.
1132 4054 1168 4090 ιο.
1199 4041 1275 4089 Brcu.
1289 4042 1347 4089 Sar.
1367 4040 1382 4090 i.
1397 4039 1478 4090 mlxii.

307 4098 319 4130 ⁹
335 4100 381 4152 SS.
397 4102 546 4153 Marcellino
556 4114 582 4153 et
594 4105 676 4156 Petro.
913 4105 934 4137 ¹⁰
951 4107 983 4156 R.
997 4107 1081 4155 Deum
1092 4107 1161 4165 tinec,
1175 4106 1250 4154 Brcv.
1264 4107 1321 4155 Sar.
1336 4105 1352 4155 i.
1367 4105 1478 4156 mclxvii.

309 4163 328 4196 ¹¹
346 4168 419 4242 plene
423 4166 471 4231 for
481 4176 532 4217 tota
543 4186 550 4220 ε
567 4168 609 4230 87,
622 4169 662 4220 88.

308 4228 329 4261 ¹²
345 4247 378 4282 rx.
400 4233 438 4296 Κλ
457 4233 609 4285 Benedicat:
626 4251 673 4285 em.
696 4246 738 4298 97,
757 4249 800 4297 01,
818 4236 859 4286 08.
896 4236 1005 4301 Legatur
1026 4235 1130 4286 historia
1149 4237 1255 4299 Regum,
1274 4237 1345 4285 Deus
1363 4238 1480 4286 eueniunt

276 4297 405 4361 usquead
427 4298 533 4373 primam
561 4299 713 4351 dominicam
740 4310 799 4367 post
824 4318 847 4352 v.
872 4301 923 4352 kal.
955 4306 1019 4366 Aug.
1044 4301 1145 4365 quando
1167 4300 1199 4350 dc
1227 4301 1359 4366 temporali
1386 4302 1478 4367 agitur.

276 4362 316 4411 De
327 4378 379 4413 ens.
392 4364 487 4413 Drrect.
501 4379 523 4413 c.
538 4376 578 4428 59,
591 4381 616 4430 p.
631 4379 670 4416 20.
706 4367 783 4418 Brev.
797 4368 854 4417 Sar.
869 4367 886 4417 i.
900 4383 925 4432 p.
939 4366 1054 4416 mclxxiv.

344 4427 376 4478 de
386 4428 512 4478 dominica
522 4442 610 4481 eruut:
627 4430 668 4493 87,
681 4430 722 4483 88.
917 4430 938 4462 ¹⁴
955 4431 1092 4491 Bonilacio‚
1105 4441 1152 4483 etc.

307 4490 327 4522 ¹⁵
343 4493 406 4558 Cap.
421 4495 514 4543 Reddet
523 4496 602 4555 Deus,
615 4496 691 4546 Brev.
704 4497 762 4548 Sar.
776 4497 802 4547 ii.
816 4508 872 4562 395.
