3330 5218
291 468 325 517 60
612 467 886 518 BIRECTORIUM
904 467 1171 518 SACERDOTUM.

292 618 385 772 {off
401 619 486 771 {cust
502 620 544 684 ad
561 620 686 702 primas
700 640 856 702 vesperas
872 666 881 684 .
897 620 1057 683 memoria
1073 620 1115 684 de
1130 619 1254 683 sanctis
1271 619 1437 683 Medardo
1460 631 1496 684 et

324 728 334 769 1
372 727 409 770 ar
433 727 462 770 0.

333 846 368 916 (Ι
392 838 488 902 Feria
503 862 540 902 .v.
563 839 606 902 de
626 842 767 919 octaua,8
791 840 1025 904 Inuitatorium
1041 839 1188 923 triplex.
1205 840 1313 903 medie
1336 840 1498 903 lectiones

292 925 335 989 de
371 925 517 989 sanctis.⁴
577 927 617 989 In
656 927 811 990 laudibus
854 947 971 990 omnes
1007 927 1191 1010 antiphone
1228 928 1383 990 dicuntur
1412 976 1419 989 .
1449 926 1493 989 ad

291 1013 456 1076 secundas
500 1033 654 1094 vesperas
698 1014 907 1096 Antiphone,
953 1014 1126 1096 Sapientia
1156 1036 1163 1076 :
1194 1014 1342 1095 psalmus
1394 1013 1495 1076 Dixit

292 1099 466 1178 Dominus,
509 1114 543 1163 et
587 1101 688 1163 ceteri
733 1110 769 1164 vt
805 1121 914 1184 supra„
972 1101 1131 1183 Hymnus
1171 1099 1286 1164 Sacris
1320 1100 1495 1164 solenniis.

292 1186 470 1250 versiculus
479 1186 606 1249 Panem
617 1186 657 1250 de
665 1188 727 1250 celo
734 1188 934 1269 prestitisti.
951 1189 1111 1252 memoria
1120 1188 1163 1250 de
1179 1198 1296 1252 sancto
1312 1187 1499 1251 Edmundo

292 1284 325 1337 et
341 1274 384 1337 de
399 1274 622 1356 martyribus,⁵

333 1417 368 1487 εἷ
391 1411 485 1474 Feria
497 1411 546 1473 .vi.
562 1411 605 1474 de
616 1421 734 1475 sancto
747 1412 938 1476 Edmundo.
976 1412 1208 1475 Inuitatorium
1221 1411 1345 1494 triplex
1361 1462 1369 1475 .
1385 1412 1495 1474 medie

292 1497 450 1561 lectiones
466 1498 509 1560 de
524 1498 738 1580 martyribus⁶
753 1519 828 1562 cum
845 1499 1006 1563 versiculo
1021 1508 1055 1562 et
1077 1500 1299 1581 responsorio⁶
1322 1499 1364 1561 de
1387 1500 1496 1581 primo

292 1594 454 1648 nocturno
484 1585 701 1666 plurimorum
733 1596 925 1667 martyrum.
977 1587 1035 1649 Ad
1059 1585 1139 1649 istas
1163 1587 1344 1650 matutinas
1366 1586 1499 1649 dicatur

291 1671 441 1755 psalmus
456 1671 519 1734 Ad
530 1673 690 1735 nleuoui
735 1673 793 1736 Ad
809 1693 973 1759 vesperas,
989 1674 1149 1736 memoria
1163 1673 1206 1736 de
1224 1682 1340 1735 sancta
1364 1672 1494 1735 Maria.

291 1778 366 1822 cum
382 1758 567 1840 antiphona
583 1758 654 1823 Sub
669 1769 769 1822 tuom.

334 1888 552 1966 (ISabbam,
582 1891 624 1953 de
647 1899 764 1955 sancta
799 1890 915 1954 Maria.
969 1890 1026 1953 Ad
1057 1911 1222 1972 vesperas,
1254 1892 1416 1954 memoria
1452 1892 1500 1954 de

291 1976 468 2053 dominica,
485 1986 518 2040 et
534 1978 576 2039 de
591 1977 765 2053 Trinitate,
781 1988 815 2042 et
830 1978 998 2061 processio
1014 1976 1072 2041 fiat
1087 1989 1166 2040 ante
1181 1998 1320 2041 crucem,

466 2118 502 2188 {I
525 2114 704 2177 Dominiea
726 2115 757 2176 ii.
781 2117 903 2178 tolum²
930 2114 973 2177 de
1000 2124 1118 2178 sancto
1142 2114 1295 2177 Barnaba
1318 2114 1497 2197 apostole.

290 2284 347 2347 T·
374 2285 382 2298 θ
463 2199 702 2321 ⁸Inuitatorium
741 2201 874 2282 triplex,
911 2203 1071 2264 memoria
1107 2201 1150 2264 de
1179 2202 1356 2277 dominica,
1387 2211 1420 2264 et
1451 2202 1494 2263 de

322 2295 461 2349 rrnrtate.

290 2163 364 2233 June
379 2160 431 2233 ΙΙ·]

333 2427 368 2497 ΙΙ
392 2423 487 2486 Feria
502 2424 541 2486 ‚ii
557 2425 600 2487 de
616 2424 830 2506 martyribus⁹
845 2475 852 2487 .
869 2425 911 2488 iii.
927 2425 1093 2488 lectiones.

331 2565 366 2635 (Ι
389 2559 486 2622 Feria
501 2560 552 2623 iii.
567 2562 610 2625 de
626 2562 710 2624 sesto
725 2561 799 2625 loci.

332 2702 367 2772 (Ι
391 2697 488 2760 Feria
510 2698 573 2761 iiii.
597 2699 640 2761 de
666 2708 783 2762 sancto
814 2697 947 2773 Basilio,
976 2699 1019 2761 iii.
1035 2698 1201 2762 lectiones.
1252 2697 1504 2762 Inuitatorium.

291 2782 437 2865 simplex
453 2834 460 2846 .
477 2784 608 2848 ¹⁰Missa
622 2786 685 2849 erit
700 2786 743 2848 de
759 2785 960 2849 dominica.¹⁰
1002 2856 1005 2866 ¹

332 2925 367 2995 (1
390 2920 487 2983 Feria
502 2942 540 2983 .v.
554 2921 595 2985 de
607 2923 730 2984 sanctis
743 2922 825 2986 Vito
834 2932 868 2986 et
879 2919 1061 2985 Modesto¹¹
1079 2945 1086 2985 :
1102 2921 1282 2984 versiculus
1294 2930 1328 2984 et
1343 2921 1500 3002 Respon-

291 3007 377 3068 soria
392 3006 435 3069 de
449 3009 596 3072 secundo
612 3019 781 3072 nocturno

335 3149 368 3219 ΙΙ
393 3144 489 3207 Feria
505 3145 552 3207 .vi.
569 3144 611 3207 de
626 3153 742 3208 sancto
757 3144 935 3222 Richardo,
950 3145 995 3207 ix.
1010 3143 1170 3207 lectiones
1189 3165 1196 3205 ε
1213 3143 1322 3206 medie
1337 3142 1501 3205 lectiones

292 3229 335 3293 de
351 3232 576 3312 martyribus¹²
592 3252 667 3294 cum
678 3231 838 3295 versiculo
848 3241 882 3295 et
899 3232 1133 3314 Responsoriis
1148 3230 1191 3293 de
1207 3231 1310 3293 tercio
1326 3240 1497 3292 nocturno.

336 3367 552 3445 (ISabbato,
581 3367 624 3431 de
657 3378 773 3431 sancta
811 3368 927 3432 Mario„
987 3369 1045 3432 Ad
1077 3387 1231 3450 vesperas
1263 3367 1424 3429 memoria
1454 3364 1499 3427 de

294 3452 522 3534 martyribus¹³
552 3457 651 3518 etde
681 3456 856 3532 Trinitate,
878 3465 913 3518 et
934 3455 1102 3538 processio
1133 3465 1211 3518 ante
1242 3472 1382 3516 crucem.
1426 3452 1496 3515 Vbi

294 3539 377 3604 fiunt
401 3550 466 3604 tres
493 3543 837 3618 commemorationes
863 3543 895 3605 in
923 3542 987 3607 iiii.
1014 3542 1094 3605 feria
1120 3540 1202 3605 fiet¹⁴
1228 3561 1293 3605 vna
1315 3559 1498 3603 commem—

293 3628 409 3703 oratio,
436 3638 469 3691 et
493 3630 652 3691 memoria
675 3631 717 3692 de
740 3640 857 3692 sancto
873 3628 1011 3693 Blasio¹³
1026 3631 1184 3711 episcopo
1203 3651 1209 3691 :
1226 3626 1285 3691 ¹⁰et
1299 3638 1380 3691 tunc
1397 3627 1500 3689 missa

294 3713 503 3777 dominicalis
519 3716 648 3778 dicatur
671 3716 703 3779 in
720 3716 758 3779 .ii.
776 3716 864 3793 feria,
879 3737 940 3800 pro
956 3736 1087 3779 summa
1103 3717 1238 3778 missa.¹ss

324 4054 430 4105 ¹fiant:
448 4071 494 4104 om.
509 4053 548 4116 87,
562 4053 602 4105 88.
1084 4051 1499 4120 ²EdwardosorGilda1doz88.

325 4119 336 4151 ³
352 4120 472 4186 Corporis
483 4120 585 4170 Christi.
1085 4122 1097 4152 ⁴
1114 4122 1160 4172 88.
1176 4121 1300 4171 Medardo
1310 4129 1334 4169 el
1347 4119 1478 4169 Gildardo-

326 4184 336 4215 ⁶
353 4187 399 4237 88.
417 4185 500 4234 Primo
511 4194 536 4234 et
548 4183 685 4237 Feliciano.
1087 4184 1099 4217 ⁶
1115 4186 1306 4251 Responsoriis:
1324 4184 1363 4246 87,
1378 4184 1418 4235 88.

326 4249 337 4283 '¹
353 4260 421 4300 tota:
440 4250 479 4301 88.
768 4250 779 4283 ⁸
794 4251 870 4302 missa
881 4250 1038 4301 dominicalis
1049 4251 1139 4302 dicitur
1149 4252 1175 4300 in
1186 4251 1315 4315 capitulo:
1332 4251 1387 4299 add.
1399 4260 1442 4311 97,
1454 4261 1498 4301 01.

326 4314 337 4346 ⁹
354 4317 399 4367 88.
414 4316 531 4376 Basilide,
545 4314 631 4366 Cirino
643 4326 668 4366 et
680 4317 789 4367 Nabore.
1090 4315 1164 4353 ¹⁰—¹⁰
1179 4334 1245 4365 om.:
1263 4327 1304 4377 97,
1316 4328 1357 4364 01.

327 4379 346 4412 ¹¹
364 4382 412 4431 See
423 4398 472 4431 sec.
486 4384 518 4431 A.
532 4381 594 4430 seria
604 4382 637 4446 vj.
686 4381 733 4431 sti.
747 4382 815 4431 dom.
829 4380 900 4431 Trin.
915 4382 992 4442 (Wm.
1002 4382 1045 4441 C.)
1091 4380 1112 4412 ¹⁹
1127 4382 1173 4432 88.
1188 4381 1272 4432 Cirico
1283 4390 1308 4430 ct
1321 4380 1414 4430 Iulitla.

327 4444 410 4496 11’88.
427 4448 515 4496 Marco
526 4456 551 4496 et
564 4448 650 4497 Marce
671 4447 736 4496 iano.
1091 4445 1112 4476 ¹⁴
1129 4447 1188 4497 fiat:
1206 4447 1245 4496 88.

327 4510 348 4542 ¹⁸
365 4511 477 4562 Basilio:
495 4511 536 4573 87,
550 4511 589 4562 88.
1088 4509 1162 4549 Μ
1177 4529 1243 4563 on:
1260 4522 1303 4574 97,
1314 4522 1354 4561 or.
