3372 5224
292 427 339 477 ¹44
606 416 877 468 DIRECIORIUM
898 417 1166 469 SACERDOYUM.

291 574 359 628 Feb.
376 569 428 644 ¹3·]
463 576 497 646 (Ι
518 569 699 633 Dominica
714 570 746 633 in
760 569 824 645 .lx.,
840 579 912 634 tota
928 580 1080 636 cantetur
1095 571 1237 636 historia

289 696 366 839 Ι(Ι
390 684 486 753 Feria
506 689 545 752 ii.
568 689 610 752 de
633 699 749 753 sancto
772 690 965 768 Valentino
980 711 1055 755 cum
1084 701 1253 756 nocturno
1298 691 1492 775 Capitulum

309 787 357 841 ste
370 788 509 840 sanctus.

334 903 368 973 (Ι
391 896 487 960 Feria
503 896 554 959 iii.
570 893 613 959 de
629 895 714 959 festo
729 895 802 961 loci.

331 1023 367 1093 (Ι
390 1017 486 1079 Feria
502 1016 565 1079 iiii.
581 1016 623 1079 de
638 1026 755 1079 sancta
774 1016 912 1090 iuliane,
928 1038 1005 1082 cum
1021 1027 1193 1083 nocturno

331 1144 367 1214 (Ι
390 1137 486 1200 Feria
502 1159 539 1200 .v.
555 1138 598 1201 de
614 1136 702 1210 feria,
712 1146 752 1205 ‚et
768 1137 870 1200 missa
885 1147 1003 1220 quarte
1019 1137 1107 1202 serie.

333 1262 367 1332 (Ι
391 1257 487 1320 Feria
513 1256 561 1320 .vi.
587 1257 630 1320 de
654 1256 741 1320 feria
787 1257 1012 1340 Responsoria
1036 1258 1171 1322 historie
1197 1257 1406 1323 dominicalis
1433 1278 1492 1341 per

288 1344 440 1407 ordinem
452 1343 627 1408 dicuntur.¹

331 1471 365 1541 (Ι
389 1463 548 1538 Sabbato,
560 1464 603 1526 de
615 1472 730 1527 sancta
743 1464 859 1527 Maria.
897 1464 964 1528 Vbi
978 1464 1062 1529 fiunt
1072 1476 1139 1530 tres
1150 1465 1493 1543 commemorationes,

291 1552 324 1615 in
340 1573 378 1614 .v.
396 1550 476 1613 seria
492 1550 550 1616 fiat
564 1571 631 1613 vna
647 1552 930 1616 commemoratio.

290 1683 358 1738 Feb.
372 1688 426 1749 zo]
462 1678 496 1748 (Ι
520 1669 699 1734 Dominica
714 1671 748 1734 in
764 1672 803 1749 .l.,
817 1680 891 1736 tota
905 1673 1035 1736 dicatur
1049 1672 1195 1736 historia

332 1800 367 1870 (Ι
391 1793 487 1857 Feria
501 1793 540 1856 ii.
557 1792 600 1855 de
616 1802 732 1855 sancta
748 1793 862 1856 Maria

333 1920 367 1990 (Ι
391 1913 487 1977 Feria
511 1914 561 1976 iii.
586 1912 629 1976 de
656 1924 771 1976 sancto
797 1914 894 1977 Petro
921 1913 1096 1996 apostolo?
1141 1914 1197 1978 Ad
1220 1914 1355 1977 missam
1372 1914 1492 1977 dicitur

294 2000 395 2101 Credo
419 2013 452 2064 et
478 2000 622 2063 Presatio
649 2000 691 2063 de
715 2000 884 2084 apostolis.
931 2001 1165 2064 Inuitatorium
1194 1999 1326 2084 triplex,
1349 2000 1403 2064 ix.
1427 2002 1490 2065 lec-

290 2098 408 2153 tiones,

333 2215 367 2285 (Ι
390 2207 487 2270 Feria
503 2207 564 2270 iiii.
583 2207 615 2270 in
633 2207 743 2290 capite
759 2205 880 2285 ieiunii,
895 2215 1004 2270 totum
1020 2207 1063 2270 de
1078 2206 1208 2271 ieiunio.

333 2336 367 2406 (Ι
390 2329 447 2393 Ab
470 2329 532 2391 hac
555 2328 610 2391 die
632 2327 785 2410 usquein
803 2327 983 2392 crastinum
1007 2337 1126 2392 octaue
1143 2329 1264 2393 Pasce.
1278 2328 1359 2392 nihil
1375 2328 1434 2393 fiat
1449 2330 1491 2393 de

291 2417 383 2481 sestis
399 2415 498 2481 trium
522 2413 713 2493 lectionum,
735 2414 798 2479 nisi
821 2424 953 2479 tantum
977 2416 1138 2479 memoria
1154 2416 1196 2479 ad
1212 2436 1387 2499 vesperas.
1399 2427 1433 2480 et
1448 2417 1491 2480 ad

293 2503 474 2566 matutinas
488 2553 494 2566 .
507 2503 604 2566 beate
621 2503 734 2565 Marie.

333 2630 367 2700 (Ι
391 2622 487 2686 Feria
502 2645 539 2686 .v.
555 2621 598 2685 de
614 2633 731 2685 sancto
747 2621 888 2699 Mathia,
907 2622 1047 2686 Inferius
1062 2622 1199 2704 duplex.

332 2749 367 2819 (Ι
392 2742 430 2805 In
455 2762 546 2805 anno
571 2742 727 2819 bisextili,
759 2743 817 2807 fiat
842 2742 1017 2807 seruicium
1043 2745 1086 2807 de
1121 2751 1240 2807 sancto
1262 2743 1419 2821 ⁸Mathia,
1452 2745 1490 2809 In

289 2852 328 2893 .v.
345 2829 446 2893 feria:
470 2831 517 2892 et⁸
532 2829 565 2892 in
582 2830 632 2894 .vi.
650 2829 742 2893 seria⁴
758 2830 800 2892 de
816 2829 947 2894 ieiunio.

332 2957 366 3027 (Ι
390 2949 435 3013 Et
460 2959 539 3013 tunc
574 2948 617 3013 ab
641 2950 704 3013 hoc
729 2950 870 3014 sabbato
894 2970 999 3034 vsque
1025 2950 1068 3014 ad
1086 2949 1309 3034 inceptionem
1334 2950 1492 3015 historie.³

289 3035 332 3099 In
348 3036 517 3118 prinapin
539 3034 721 3120 accipiatur
742 3038 880 3101 tercium
908 3036 952 3114 A,
978 3057 1039 3120 pro
1065 3037 1174 3101 littera
1200 3036 1398 3101 dominicali.
1444 3038 1491 3102 Et

290 3124 466 3206 incipiatur
480 3123 523 3186 ad
540 3125 680 3206 primam
697 3124 899 3188 dominicam
920 3121 1183 3209 quadragesime.

331 3251 365 3321 (Ι
388 3242 539 3308 Sabbato
555 3245 780 3327 Responsoria
796 3244 920 3309 ferialia
935 3245 1098 3309 dicuntur.

290 3376 358 3431 Feb.
372 3372 427 3445 ²7·]
463 3372 497 3442 (Ι
520 3364 699 3428 Dominica
713 3365 743 3430 .i.
758 3365 1021 3449 quadragesime,
1036 3363 1078 3429 de
1093 3364 1233 3430 seruicio
1248 3365 1461 3431 dominicali.⁸

332 3493 366 3563 (Ι
389 3486 486 3550 Feria
507 3485 547 3548 ii.
568 3507 607 3548 .v.
629 3486 679 3548 .vi.
702 3496 736 3548 et
758 3486 911 3561 sabbato,
935 3485 978 3548 de
1004 3485 1148 3548 ieiunio:
1171 3484 1351 3551 versiculus
1372 3499 1406 3551 et
1422 3487 1488 3551 Re-

290 3572 461 3655 sponsoria
498 3573 680 3635 secundum
726 3572 875 3635 ordinem
915 3572 1068 3637 nocturni
1106 3573 1243 3636 historie
1280 3572 1488 3639 dominicalis

287 3658 439 3734 dicatur]
486 3661 532 3724 Et
548 3660 581 3722 in
597 3659 646 3723 .vi.
663 3658 744 3723 feria
759 3659 880 3724 dicitur
895 3659 1157 3742 Responsorium
1174 3658 1293 3724 feriale.

331 3786 365 3856 (Ι
389 3779 485 3843 Feria
500 3779 550 3843 iii.
567 3779 610 3841 de
625 3789 742 3843 sancto
759 3778 881 3857 Dauid,
896 3778 950 3843 ix.
967 3778 1148 3844 lectiones!

319 4133 477 4185 ¹dicentur:
495 4132 534 4184 88.
665 4158 670 4165 ·
894 4132 946 4185 ²8.
960 4151 979 4184 ι.
1016 4132 1142 4185 cathedra
1154 4134 1180 4186 S.
1196 4133 1270 4185 Petri.

319 4197 372 4236 ³-³
390 4199 487 4249 Mathia
499 4198 525 4249 in
536 4198 568 4248 vi.
581 4198 642 4249 feria
653 4208 678 4249 et
689 4209 766 4251 tunc:
784 4199 825 4262 87,
838 4199 878 4250 88.

318 4264 330 4296 ⁴
346 4266 418 4315 Rcad
427 4267 467 4315 ‘et
480 4264 506 4314 in
517 4281 540 4313 v.
553 4263 633 4323 seria‚'
649 4265 782 4330 Tlmrsday
793 4265 869 4330 being
881 4265 919 4316 St.
934 4262 1065 4314 Matthias'
1078 4265 1136 4328 Day
1152 4280 1180 4315 as
1197 4267 1223 4315 in
1240 4263 1297 4315 edd.
1317 4263 1358 4327 87,
1377 4264 1419 4327 88,
1437 4265 1488 4315 and

287 4331 363 4380 Brev.
378 4331 482 4392 Sarum,
494 4346 520 4396 p.
533 4329 635 4380 dxxxiii.
893 4360 897 4366 ·

317 4394 328 4425 ⁵
344 4394 464 4446 historie:
480 4411 527 4444 om.
542 4393 582 4455 87,
596 4393 635 4444 88.
832 4393 844 4425 ⁸
860 4404 913 4446 tota
923 4394 1019 4445 dicatur
1029 4393 1150 4446 historia:
1168 4395 1244 4446 Brea.
1258 4394 1364 4457 Surum,
1376 4411 1401 4461 p.
1416 4395 1483 4446 dlxv.

317 4459 328 4492 ⁷
343 4460 376 4511 de
387 4459 529 4511 communi:
546 4461 602 4510 add.
616 4471 658 4524 97,
669 4472 710 4510 ot.
