3326 5208
518 470 678 522 PRIMUM
697 470 726 521 C.
760 470 816 522 xvi.
833 470 894 520 xiii.
912 486 940 520 x.
959 486 984 520 v.
1003 471 1033 521 ιε’.
1335 478 1380 531 197

216 630 250 700 (Ι
274 623 371 688 Feria
400 623 460 699 .vi.,
489 624 532 686 de
555 633 673 687 sancto
701 622 852 687 Iohanne
881 624 1060 707 episcopo‚¹
1087 633 1122 688 et
1152 622 1314 686 memoria
1337 623 1381 686 de

172 712 310 775 octauis
374 710 524 793 Vespere
550 720 647 774 erunt
670 712 713 774 de
738 720 856 775 sancto
884 711 1034 775 iohanne
1068 711 1111 774 de
1136 709 1321 786 beuerlaco‚
1346 718 1382 772 et

173 798 348 861 memoria²
362 799 405 861 de
419 797 570 861 octauis.³

218 916 252 986 (Ι
275 909 436 988 Sabbato,
451 908 508 972 'de
523 909 690 992 apostolo⁴
711 960 720 975 .
742 911 791 973 et⁶
805 910 849 974 de
863 919 982 973 sancto
999 909 1150 974 Iohanne
1165 908 1382 992 euangelista,

176 997 413 1061 Inuitatorium
429 996 564 1080 triplex,
578 1006 612 1060 et
628 997 790 1060 memoria
808 998 851 1060 de
873 997 1009 1061 octauis.
1053 996 1204 1080 Vespere
1226 1006 1324 1060 erunt
1338 996 1382 1058 de

175 1083 395 1167 apostolo,³et
411 1084 572 1147 memoria
586 1083 629 1146 de
645 1083 872 1149 Ascensione:
894 1085 953 1148 sed
970 1083 1072 1148 Nulla
1088 1083 1148 1148 fiat
1163 1084 1324 1148 memoria
1339 1082 1382 1146 de

173 1171 352 1248 dominica,
367 1190 475 1252 neque
490 1172 665 1254 processio.

351 1288 385 1358 (Ι
409 1283 589 1346 Dominica
625 1282 711 1345 infra
746 1292 885 1347 octauas
925 1283 1151 1361 Ascensionis,
1183 1291 1293 1347 totum
1338 1284 1382 1347 de

351 1370 493 1433 seruicio
507 1369 709 1447 dominicali,
723 1379 757 1433 et
773 1370 936 1434 memoria
949 1370 992 1433 de
1006 1371 1157 1435 octauis‘

218 1488 252 1558 (Ι
276 1482 305 1545 F
305 1482 373 1545 eria
387 1482 427 1546 ii.
443 1484 487 1546 de
501 1481 649 1545 octauis:
672 1481 856 1566 antiphone
871 1493 906 1547 et
931 1483 1156 1565 Responsoria
1170 1482 1213 1546 de
1227 1481 1277 1548 .vi.
1294 1482 1384 1561 seria,

176 1576 211 1632 et
228 1569 390 1632 memoria
404 1569 447 1632 de
464 1569 689 1651 martyribus!

175 1687 252 1832 baffi
276 1680 375 1744 Feria
399 1681 451 1745 ,iii
477 1680 521 1743 de
542 1680 690 1744 octauis:
713 1679 899 1763 antiphone
925 1691 960 1745 et
987 1681 1213 1763 Responsoria
1239 1682 1282 1744 de
1307 1682 1386 1745 sab-

221 1780 265 1831 to.

175 1329 296 1403 Mars]

175 1965 266 2043 seria,
281 1976 316 2030 et
332 1967 495 2029 memoria
509 1967 553 2030 de
568 1967 715 2031 sanetis.l

219 2085 253 2155 (Ι
277 2079 376 2141 Feria
401 2100 439 2142 .v.
465 2079 509 2141 de
532 2080 675 2156 octaua‚⁶
701 2079 938 2143 Inuitatorium
964 2079 1098 2162 triplex
1144 2079 1201 2144 Ad
1222 2100 1387 2163 vesperas,

176 2166 365 2249 antiphona
381 2164 452 2229 Sub
466 2175 567 2229 tuam.

220 2284 254 2354 (Ι
279 2278 377 2341 Feria
391 2278 441 2341 .vi.
457 2277 500 2341 de
514 2286 633 2341 sancta
650 2278 765 2342 Maria

221 2396 255 2466 (Ι
279 2389 439 2465 Sabbato,
450 2390 493 2452 de
502 2389 617 2472 vigilia
628 2388 887 2469 Penthecostes;
910 2390 1071 2454 memoria
1085 2391 1129 2454 de
1143 2399 1261 2456 sancta
1272 2392 1390 2471 Maria,

178 2485 213 2541 et
228 2478 272 2541 de
288 2476 455 2541 Omnibus
471 2475 613 2541 Sanctis.

356 2594 391 2664 (Ι
414 2589 480 2653 Die
512 2588 750 2653 Penthecostes
780 2597 815 2653 et
848 2609 907 2671 per
932 2589 1191 2666 hebdomadam,
1208 2599 1318 2655 totum
1346 2592 1390 2655 de

357 2676 558 2739 solennitate
574 2675 669 2741 lesti:
693 2675 800 2739 Nihil⁹
815 2677 858 2740 de
873 2686 991 2740 sancto
1014 2677 1229 2741 Dunstano.¹⁰

222 2792 256 2862 (Ι
282 2786 391 2850 indie
409 2787 662 2871 Assumptionis
684 2787 783 2851 beate
806 2788 914 2851 Marie
936 2786 1108 2852 differatur
1131 2809 1198 2852 vna
1221 2789 1390 2855 dominica

179 2881 323 2938 tantum.

223 2992 258 3062 (Ι
281 2987 335 3050 De
358 2985 452 3050 sestis
478 2987 578 3050 trium
604 2986 784 3050 lectionum
812 2985 871 3050 liat
905 2988 1075 3063 memoria,
1099 2987 1185 3050 sicut
1216 3007 1276 3069 per
1307 2986 1388 3051 heb·

180 3074 362 3137 domadam
381 3073 490 3137 Pasce
522 3073 649 3137 Nulla¹l
666 3073 827 3137 memoria
841 3074 884 3136 de
901 3072 1028 3157 Spiritu
1044 3072 1171 3137 Sancto
1180 3074 1224 3137 ad
1233 3094 1390 3158 vesperas

182 3171 217 3225 et
232 3160 275 3223 ad
293 3161 475 3224 matutinas
491 3162 588 3223 beate
606 3161 720 3225 Mario.

356 3278 391 3348 (Ι
416 3273 455 3335 ln
480 3272 536 3335 die
560 3271 684 3336 Sancte
707 3272 892 3349 Trinitatis
913 3281 1022 3336 totum
1047 3273 1090 3335 de
1114 3271 1208 3336 sesto,
1254 3272 1312 3335 Ad
1337 3293 1388 3337 se-

358 3360 486 3423 cundas
519 3379 685 3441 vesperas,
716 3360 876 3423 memoria
911 3361 976 3423 sub
1009 3359 1169 3423 silentio¹²
1195 3361 1238 3423 de
1272 3371 1389 3425 sancta

183 3443 310 3507 Maria:
332 3446 518 3528 antiphona
535 3446 605 3511 Sub
620 3456 720 3511 tuam.

225 3562 260 3632 (Ι
283 3557 312 3620 F
312 3559 380 3620 eria
395 3558 435 3623 ,ii
451 3559 495 3621 de
509 3567 626 3621 sancta
643 3559 760 3637 Maria,
776 3571 811 3624 et
826 3559 988 3623 memoria
1001 3559 1045 3622 de
1059 3558 1225 3621 octauis¹³

181 2641 252 2710 May
267 2636 320 2710 16.]

181 3323 253 3392 May
264 3318 320 3392 23.]

216 3816 226 3848 ¹
242 3818 276 3868 de
287 3819 431 3870 Beuerlaco.

216 3882 271 3920 ’Δ
286 3884 319 3934 de
329 3886 454 3950 apostolo,
466 3894 492 3934 et
502 3885 534 3934 de
544 3897 615 3936 oct:
632 3884 673 3947 87,
686 3883 726 3934 88.
762 3884 813 3936 Sed
830 3884 887 3935 vide
903 3883 930 3934 in
946 3894 1052 3935 tractato
1066 3885 1142 3934 Crede
1158 3883 1277 3943 Mithi,§
1295 3892 1350 3945 145,
1361 3896 1386 3946 p.

186 3959 228 4012 70,
241 3949 283 4000 ubi
294 3950 365 4010 dicit,
379 3953 397 3976 ‘⁶
406 3950 440 4000 ad
451 3950 544 4015 primas
558 3967 627 4016 vesp.
642 3952 671 4000 B.
687 3950 810 4016 johannis
820 3950 927 4015 apostoli
944 3950 988 4000 liat
998 3949 1118 4000 memoria
1135 3949 1168 3998 de
1179 3949 1206 3999 S.
1225 3948 1341 4013 Johanne
1355 3948 1389 3995 de

187 4016 324 4066 Beuerlaoo
334 4032 391 4066 cum
403 4017 464 4065 Ant
478 4017 546 4065 Filz'e
556 4016 745 4066 Hienaalemss‘

219 4079 231 4109 ⁸
247 4080 273 4132 S.
289 4081 396 4131 lohann.
410 4090 492 4146 apost.
652 4081 662 4111 ⁴
678 4082 794 4146 apostolo
805 4081 843 4142 [S.
858 4080 972 4130 Iohanne
982 4091 1041 4130 ante
1052 4088 1117 4144 port
1131 4080 1205 4140 lat]:
1221 4095 1269 4127 om.
1283 4076 1324 4139 87,
1337 4074 1379 4125 88.

218 4144 230 4174 ⁸
246 4158 289 4196 et:
305 4163 353 4195 om.
367 4158 407 4208 97,
418 4159 459 4195 οι.
643 4144 655 4176 ⁸
670 4146 839 4196 Asoensionis.
971 4144 982 4177 ⁷
998 4145 1045 4196 SS.
1059 4143 1190 4195 Gordiano
1200 4153 1226 4194 et
1238 4143 1387 4208 Epimacho.

218 4209 230 4239 ⁸
246 4210 292 4262 SS.
307 4212 399 4270 Nereo,
411 4211 527 4261 Achilleo
536 4220 612 4276 atque
623 4211 762 4262 Pancratio.

219 4274 231 4306 ⁹
247 4287 271 4325 et
281 4277 360 4340 before
370 4277 432 4326 nihil
443 4295 450 4327 ε
468 4276 509 4338 87,
522 4276 561 4326 88.

221 4339 242 4371 ²⁰
257 4343 305 4392 he.
319 4342 382 4391 nihil
398 4342 431 4392 de
448 4342 474 4393 S,
495 4343 629 4393 Dnnstano
645 4342 672 4392 in
689 4341 733 4391 iiii.
747 4341 815 4391 feria.
851 4340 903 4392 Sed
920 4349 1002 4391 utrum
1019 4341 1052 4390 sit
1068 4339 1189 4390 memoria
1204 4339 1237 4389 de
1254 4338 1281 4389 S.
1301 4339 1391 4387 Poten-

188 4406 258 4456 tiana
276 4407 372 4482 virgine
388 4408 515 4467 habenda,
532 4407 559 4457 in
575 4408 663 4458 eadem
680 4407 751 4467 seria,
769 4422 857 4468 necne,
877 4406 944 4501 mihis
958 4423 1010 4456 non
1027 4406 1114 4470 liquet
1149 4404 1215 4454 Vide
1234 4405 1310 4453 Brev.
1330 4404 1389 4452 Sar.

188 4488 444 4604 mfflslilgnlnitersor
452 4538 500 4589 sub
510 4536 627 4590 silentio:
643 4549 685 4600 97,
696 4550 738 4588 01.
920 4534 942 4567 ¹⁸
957 4469 1152 4588 gatfdfflg,
1164 4470 1205 4520 88·
