3330 5218
538 479 716 532 rancum!
732 482 766 530 A.
800 480 850 529 xii.
870 480 906 529 a.
926 480 979 529 aaz
999 481 1017 529 t.
1341 482 1373 544 ⁶7

176 774 181 783 ·
215 753 369 829 (IFeria
384 776 421 817 .v.
437 753 480 816 de
496 753 581 817 festo
596 752 669 816 loci

213 880 247 951 ἦ
271 875 368 938 Feria
383 875 432 937 .vi.
448 875 491 937 de
503 884 620 937 sancta
637 872 831 969 &mastica
846 893 923 937 cum
939 882 1114 938 nocturno.

214 993 432 1070 QISabbato
461 995 503 1057 de
540 1003 657 1056 sancta
691 994 806 1056 Maria
850 993 918 1057 Vbi
954 994 1038 1057 fiunt
1070 1003 1137 1057 tres
1169 1014 1373 1058 commemo-

169 1076 325 1157 rationes,
348 1082 380 1143 in
404 1081 466 1143 iiii.
491 1080 571 1143 soria
593 1079 653 1144 fiat
667 1100 734 1144 vna
757 1078 1052 1159 commemoratio;
1075 1090 1109 1143 et
1124 1090 1204 1144 tunc
1221 1082 1372 1166 Respon-

169 1169 258 1230 soria
274 1167 400 1231 ferialia
415 1167 710 1249 pretermittantur.

169 1337 240 1391 Feb
260 1334 314 1407 ¹2]
347 1293 384 1364 ΙΙ
406 1282 585 1350 Dominica
608 1288 642 1350 in
664 1287 730 1363 ix„
752 1295 824 1351 tota
846 1282 976 1351 dicatur
997 1286 1135 1390 historia
1153 1287 1372 1390 dominicalia

169 1373 515 1523 dominicaquecundef
543 1394 680 1457 vespere
703 1384 799 1438 erunt
820 1375 864 1437 de
886 1374 971 1438 sesto
993 1373 1067 1451 loci,
1089 1385 1123 1439 et
1148 1394 1309 1439 memoria
1331 1375 1374 1438 de

215 1585 249 1656 (1
272 1581 369 1643 Feria
383 1582 424 1643 .ii.
440 1581 483 1643 de
499 1581 584 1644 festo
600 1580 673 1644 loci.

214 1706 249 1776 «Ι
271 1698 368 1764 Feria
387 1702 440 1764 .iii.
455 1702 499 1765 de
522 1711 640 1765 sancto
655 1700 845 1778 Valentino,
860 1722 936 1765 cum
953 1658 1133 1766 ¹nocturno.
1181 1701 1373 1783 Capitulum

169 1786 238 1850 Istc
251 1798 390 1850 sanctus.

216 2029 249 2099 (Ι
272 2023 301 2085 F
302 2025 371 2086 eria
384 2045 422 2086 .v.
437 2022 481 2086 de
496 2033 612 2086 sancta
632 2022 768 2101 Iuliana,
783 2042 858 2086 cum
875 2032 1046 2087 nocturno

216 2150 250 2221 ἦ
272 2144 371 2207 Feria
385 2144 436 2206 .vi.
451 2144 494 2207 de
511 2142 606 2206 seriis

216 2272 250 2341 01
273 2264 432 2339 sabbato,
457 2264 499 2327 de
521 2272 638 2327 sancta
663 2262 778 2326 Maria
815 2263 882 2326 Vbi
907 2263 991 2327 fiunt
1017 2275 1084 2327 tres
1109 2262 1376 2327 commemorati³

173 2371 264 2429 ones,
279 2353 313 2415 in
329 2352 393 2415 .iiii.
410 2351 490 2414 seria
505 2350 565 2413 fiat
579 2371 646 2414 vna
661 2351 944 2414 commemoratio.

173 2469 242 2523 Feb.
258 2465 313 2539 ro]
347 2472 381 2543 (1
404 2466 583 2530 Dominica
598 2466 631 2528 in
648 2464 678 2542 1.‚
692 2473 764 2529 tota
780 2465 909 2529 dicatur
923 2465 1060 2529 historia
1075 2466 1292 2530 dominicalis.

216 2591 250 2662 (1
273 2586 370 2649 Feria
384 2587 424 2649 .ii.
439 2585 482 2649 de
498 2584 584 2648 sesto
598 2584 671 2650 loci.

216 2710 250 2781 01
274 2706 371 2770 Feria
384 2707 437 2771 .iii.
452 2708 494 2770 de
510 2715 627 2770 sancta
644 2706 759 2769 Maria

217 2828 251 2899 (1
274 2823 372 2885 Feria
386 2823 450 2887 .iiii.
466 2823 500 2885 in
515 2824 624 2905 capite
640 2822 759 2898 ieiunii,
775 2831 883 2885 totum
900 2822 943 2885 de
959 2822 1047 2885 seria

218 2950 252 3019 01
273 2942 332 3006 Ab
347 2944 410 3006 hac
425 2943 479 3005 die
490 2962 595 3024 nsque
609 2942 653 3004 ad
671 2944 775 3005 Pasca
787 2942 867 3004 nihil
884 2941 942 3005 fiat
958 2942 1001 3005 de
1017 2942 1109 3007 iestis
1124 2944 1175 3007 .iii.
1186 2943 1374 3019 lectionum,

175 3029 237 3092 nisi
252 3039 384 3093 tantum
401 3031 561 3092 memoria
576 3030 618 3092 ad
636 3049 789 3112 vesperas
805 3032 851 3092 et³
867 3029 1049 3093 matutinas
1064 3031 1161 3096 beate
1178 3032 1292 3095 Mario.

171 3237 183 3301 l
217 3152 370 3251 Uaria
407 3173 445 3214 .v.
479 3151 522 3213 de
558 3160 674 3214 sancto
705 3150 825 3213 Petro.⁴
879 3150 1117 3241 Inuitatorium'
1147 3150 1271 3233 triplex
1284 3173 1292 3230 ;
1329 3151 1375 3214 ix.

185 3248 340 3302 echones.

218 3365 251 3435 (Ι
273 3357 371 3421 Feria
386 3357 445 3432 .vi.‚
461 3357 504 3419 de
519 3366 636 3422 sancto
652 3356 783 3420 Mathia
798 3357 962 3440 apostolo,
977 3357 1113 3421 inferius
1128 3358 1264 3441 duplex.

217 3483 252 3553 (I
273 3476 432 3553 Sabbato,
460 3477 502 3540 de
532 3476 622 3554 seria,
646 3496 721 3539 cum
755 3477 863 3559 primo
894 3478 1120 3560 Responsorio
1150 3478 1285 3544 historie
1315 3478 1374 3541 do

173 3564 347 3640 minicalis,
361 3573 396 3626 et
410 3585 486 3627 cum
503 3564 633 3627 duobus
649 3563 823 3627 ferialibus.

216 3689 250 3760 01
274 3685 314 3747 ln
330 3704 419 3746 anno
434 3704 513 3747 vero
528 3685 684 3761 bisextili‚
700 3684 762 3748 erit
777 3685 952 3748 semicium
967 3685 1011 3748 de
1026 3695 1142 3748 sancto
1159 3685 1296 3749 Mathia.

217 3812 251 3881 Π
276 3806 314 3867 In
341 3804 492 3881 sabbato,
513 3814 548 3867 et
570 3805 604 3867 in
627 3805 677 3867 .vi.
703 3805 792 3881 seria,
815 3805 970 3868 dicuntur
995 3805 1220 3887 Responsoria
1242 3806 1374 3869 ferialia

173 3894 223 3957 Et
251 3904 331 3955 tunc
361 3891 405 3954 ab
434 3892 496 3953 hac
523 3891 692 3954 dominica
718 3911 821 3973 vsque
846 3890 889 3954 ad
917 3892 1140 3974 inceptionem
1166 3892 1302 3956 historie
1330 3890 1373 3955 ln

166 3979 330 4062 principio
359 3978 541 4061 accipiatur
560 3977 672 4061 [ciii]
697 3977 890 4054 Gtercium
911 3999 971 4060 pro
992 3979 1101 4042 littera
1121 3979 1320 4055 dominicali,
1341 3990 1376 4043 et

172 4067 349 4130 inchoetur
362 4065 406 4127 ad
422 4067 562 4148 primam
580 4065 781 4128 dominicam
798 4066 1060 4149 quadragesime.

208 4392 216 4424 ¹
234 4392 366 4443 Secunde:
383 4409 430 4442 om.
444 4391 486 4454 87,
497 4391 538 4443 88.

208 4458 219 4488 ²
236 4458 320 4508 ‘etde
333 4458 358 4508 S.
374 4458 474 4507 Maria!
485 4459 541 4508 add.
555 4460 631 4508 Brcv.
645 4459 702 4507 Sar.
717 4457 779 4517 dvi..
792 4459 911 4523 wrongly.
947 4457 995 4508 See
1007 4474 1034 4522 p.
1045 4457 1078 4507 66
1089 4474 1115 4507 n.
1130 4470 1153 4519 7.

209 4522 221 4553 ³
237 4524 324 4573 etad:
341 4522 382 4584 87,
395 4522 434 4573 88.
681 4521 691 4552 ⁴
708 4536 740 4572 22
752 4523 813 4573 Feb.
830 4524 953 4573 Cathcdra
963 4525 991 4573 S.
1005 4524 1084 4573 Petri.

1183 4602 1246 4651 1⁸2
