3372 5224
287 436 333 494 '¹32
602 429 877 481 DIRECYORIUM
893 429 1160 481 SACERDOTUM.

329 589 364 659 (Ι
385 582 483 645 Feria
498 581 563 644 iiii.
580 581 611 643 in
628 582 738 663 capite
752 582 874 658 ieiunii,
891 584 933 646 de
950 583 1039 647 seria.
1100 610 1102 621 ¹

288 790 380 854 nulla
406 789 464 853 fiat
488 790 648 852 memoria
674 789 716 851 de
744 788 777 871 [f.
809 789 870 871 11.]
900 789 993 853 sestis
1019 791 1119 854 trium
1140 788 1330 865 lectionum,
1350 789 1413 852 nisi
1444 789 1487 851 ad

287 896 444 959 vesperas
459 884 492 938 et
508 875 550 938 ad
568 876 748 940 matutinas
764 887 879 941 sancte
896 877 1010 940 Marie.

332 997 486 1075 [Feria
513 1018 551 1060 .v.
582 997 630 1060 .vi.
659 1007 694 1061 et
725 997 877 1075 sabbato,
907 999 950 1061 de
980 998 1110 1075 ieiunio,
1141 1018 1217 1062 cum
1257 997 1490 1080 Responsoriis

290 1084 426 1148 historie
441 1084 665 1148 dominicalis:
687 1094 722 1148 et
737 1086 770 1147 in
794 1086 933 1149 sabbato
949 1086 1104 1149 dicuntur
1120 1085 1345 1168 Responsoria
1365 1083 1490 1147 ferialia

290 1171 420 1254 pariter.

291 1305 359 1359 Feb.
372 1301 428 1375 20.]
470 1289 647 1355 Dominica
661 1292 689 1354 .i.
704 1292 979 1375 quadragesime‚¹
995 1301 1066 1357 tota
1080 1301 1233 1356 cantetur
1247 1291 1391 1356 historia.

334 1418 369 1488 (Ι
392 1411 538 1475 Feriaii.
555 1411 598 1474 de
614 1410 715 1475 seria,²

290 1616 302 1680 l
335 1530 489 1632 Πενία
525 1532 576 1595 .ἱίἰ.
615 1530 657 1595 de
692 1541 810 1596 sancto
850 1533 957 1609 Petro,
1002 1532 1235 1597 Inuitatorium
1273 1531 1410 1615 triplex,
1446 1531 1492 1593 ix.

305 1627 460 1683 ectrones.

336 1743 371 1814 ΙΙ
394 1739 489 1802 Feria
504 1738 567 1801 iiii.
583 1739 625 1802 de
641 1737 730 1802 seria.
776 1739 1001 1821 Responsoria
1016 1739 1059 1803 de
1075 1739 1222 1803 secundo
1238 1748 1401 1803 nocturno
1417 1757 1492 1801 cum

306 1826 437 1907 egenda
452 1825 600 1888 eiusdem
618 1825 704 1889 serie.

336 1946 371 2017 (I
395 1940 491 2003 Feria
521 1962 557 2004 .v.
591 1941 634 2005 de
670 1949 787 2003 sancto
825 1940 954 2005 Mathia
986 1943 1149 2026 apostolo,
1177 1942 1318 2007 inferius
1347 1942 1495 2026 duplex:

294 2028 439 2091 solennis
456 2029 616 2090 memoria
631 2028 673 2090 de
685 2028 815 2091 ieiunio.

337 2153 372 2224 (I
397 2147 435 2210 In
452 2168 541 2210 anno
565 2148 713 2212 bisextili
739 2152 801 2214 erit
828 2151 1002 2214 seruicium
1029 2152 1071 2214 de
1096 2161 1212 2214 sancto
1236 2150 1368 2215 Mathia
1390 2150 1423 2212 in
1446 2149 1496 2211 .vi.

297 2234 386 2298 seria.
432 2234 478 2297 Et
503 2235 638 2299 abhinc
659 2257 763 2318 vsque
787 2238 829 2301 ad
858 2238 1081 2319 inceptionem
1108 2238 1243 2301 historie
1269 2238 1312 2301 In
1335 2236 1497 2320 principio

298 2322 479 2403 accipiatur
500 2323 683 2386 secundum
710 2325 753 2399 A,
778 2345 838 2407 pro
861 2323 970 2388 littera
993 2324 1192 2401 dominicali,
1216 2332 1251 2388 et
1266 2326 1438 2389 inchoetur
1452 2322 1495 2386 ad

295 2409 476 2471 secundam
493 2408 695 2472 dominicam
707 2411 970 2494 quadragesime.
1402 2408 1405 2414 ’

338 2534 373 2604 01
397 2528 450 2590 In⁸
464 2529 514 2592 .vi.
530 2530 650 2593 dicitur
666 2530 928 2613 Responsorium
952 2531 1073 2596 feriale.
1118 2531 1264 2615 Quando
1280 2551 1359 2595 vero
1379 2531 1499 2594 dicitur

296 2615 340 2677 de
355 2624 472 2766 sanc?
489 2616 632 2764 'Biathia
647 2618 679 2680 in
697 2619 745 2682 ,vi
770 2618 857 2696 feria,
883 2628 963 2682 tunc
979 2620 1012 2681 in
1038 2640 1075 2682 .v.
1099 2619 1180 2682 seria
1202 2620 1322 2683 dicitur
1345 2619 1496 2700 Respon-

297 2721 421 2765 sonum
451 2722 519 2766 ena
532 2723 559 2766 e.

340 2827 375 2898 (I
398 2820 557 2898 Sabbato,
572 2823 615 2886 de
632 2823 732 2887 feria:
755 2823 913 2888 lectiones
930 2825 1077 2889 eiusdem
1093 2825 1168 2888 diei.

299 2952 369 3007 Feb.
382 2947 438 3021 27.]
478 2948 512 3017 (Ι
536 2942 713 3006 Dominica
726 2944 766 3005 .ii.
783 2944 1044 3026 quadragesime
1060 2954 1132 3009 tota
1147 2944 1267 3008 dicitur
1281 2944 1426 3008 historia.

342 3067 376 3138 ([
400 3060 496 3124 Feria
512 3061 553 3124 .ii.
574 3084 603 3123 v.
619 3062 667 3126 .vi.
692 3073 727 3126 et
742 3063 891 3139 sabbam,
909 3065 950 3127 de
964 3065 1095 3128 ieiunio.
1143 3065 1182 3128 In
1198 3065 1247 3128 .vi.
1263 3064 1342 3129 seria
1368 3064 1498 3129 dicatur

300 3149 443 3231 primum
460 3149 721 3230 Responsorium
738 3149 859 3228 feriale,
874 3161 909 3214 et
924 3151 1014 3215 aliud
1031 3153 1063 3215 in
1085 3152 1235 3228 sabbato,
1252 3171 1327 3215 cum
1345 3153 1498 3235 Respon-

301 3236 389 3298 sorio
404 3235 516 3311 Pater,
525 3236 664 3315 peccaui.

344 3360 379 3431 (Ι
403 3353 500 3416 Feria
514 3353 567 3416 .iii.
583 3354 625 3417 de
641 3364 759 3420 sancto
776 3355 899 3434 Dauid,
915 3357 959 3419 ix.
976 3356 1154 3421 lectiones.⁴

345 3480 380 3551 (I
403 3473 499 3536 Feria
514 3473 576 3536 .iiii.
593 3474 636 3538 de
651 3484 767 3539 sancto
783 3475 909 3552 Cedda,
925 3476 971 3540 ix.
989 3476 1168 3541 lectiones⁴

304 3605 405 3661 March
418 3601 455 3674 6.]
481 3598 516 3669 (I
539 3595 718 3659 Dominica
733 3596 784 3660 .iii.
799 3597 1062 3679 quadragesime,
1076 3598 1119 3661 de
1133 3597 1272 3661 seruicio
1287 3597 1489 3661 dominicalis

347 3723 382 3794 ΙΙ
404 3718 501 3781 Feria
518 3718 558 3781 .ii.
574 3716 625 3779 .iii.
644 3716 708 3780 .iiii.
724 3738 762 3780 .v.
777 3725 811 3781 et
827 3718 885 3793 .vi.,
906 3718 948 3781 de
965 3717 1094 3781 ieiunio.
1142 3718 1180 3781 In
1199 3717 1262 3781 iiii.
1284 3717 1365 3781 seria
1382 3718 1504 3782 dicitur

307 3804 450 3888 primum
469 3804 733 3886 Responsorium
752 3803 872 3880 feriale,
889 3813 922 3867 et
938 3801 1003 3868 alia
1018 3806 1086 3868 duo
1103 3805 1135 3867 in
1152 3805 1202 3870 .vi.
1218 3804 1307 3869 feria

348 3929 383 4000 (I
405 3921 564 3997 Sabbata
580 3924 622 3986 de
638 3933 754 3986 sancto
772 3923 940 4005 Gregorio
958 3922 1099 3987 inferius
1117 3923 1253 4006 duplex.
1269 3922 1314 3986 ix.
1335 3923 1506 3999 lectiones,

306 4012 377 4074 sine
402 4012 621 4093 expositione.
667 4008 821 4074 Secunde
847 4030 983 4093 vespere
1007 4020 1103 4074 erunt
1118 4011 1160 4074 de
1181 4010 1275 4087 sesto,
1293 4019 1328 4073 et
1344 4011 1505 4073 memoria

306 4097 463 4161 solennis⁸
479 4098 522 4161 de
537 4097 711 4161 dominica.

339 4332 349 4365 ¹
367 4335 400 4382 tx.
414 4352 421 4383 ι
438 4343 479 4395 97,
492 4346 523 4383 οι
537 4370 544 4383 .
557 4349 687 4382 exerrare.
1079 4331 1091 4363 ²
1106 4332 1191 4383 feriis:
1208 4342 1249 4396 97,
1261 4346 1302 4384 01.

339 4396 350 4430 ⁸
367 4398 490 4449 Feriavi:
503 4398 543 4460 87,
556 4396 596 4448 88.

339 4461 351 4494 ⁴
366 4463 399 4514 de
409 4463 536 4514 communi
547 4462 682 4514 secundum
694 4463 801 4514 Surum:
817 4463 874 4514 aad
888 4472 928 4525 97,
941 4476 981 4513 01.
1081 4460 1092 4493 ⁸
1108 4462 1235 4515 solennis:
1251 4479 1299 4514 om.
1313 4462 1353 4524 87,
1367 4461 1407 4513 88.
