3326 5208
304 457 352 507 262
628 458 750 508 DIREC
754 459 779 506 T
777 458 843 509 OR!
845 459 904 509 UM
932 458 1198 509 SACERDOTUM.

305 619 444 692 Dec.12.]
482 619 516 689 11
540 610 717 674 Dominica
732 611 782 675 iii.
800 610 979 675 Aduentus
992 611 1138 685 Domini,
1155 622 1263 676 totum
1280 612 1323 676 de
1334 613 1509 677 dominica

346 732 380 802 11
405 726 500 789 Feria
515 725 553 789 ii.
569 724 613 788 de
627 733 744 788 sancta
760 723 871 787 Lucia.

345 845 379 915 11
404 839 499 901 Feria
523 837 573 902 iii.
599 836 643 899 de
668 836 756 914 feria,
781 856 858 898 cum
885 836 1025 918 propriis
1052 835 1214 900 laudibus,
1276 836 1380 899 Missa
1409 836 1513 900 Salus

322 947 339 989 0
381 925 415 989 li.

295 936 381 1113 pp}
404 1038 442 1100 ln
459 1036 521 1099 hac
537 1034 749 1099 hebdomada
765 1034 856 1097 nulla
871 1032 930 1098 fiat
945 1036 1225 1099 commemoratio.

344 1155 378 1225 11
403 1149 499 1212 Feria
514 1148 586 1223 iiii,
603 1148 646 1210 de
662 1148 800 1210 seruicio
816 1156 960 1229 quatuor
975 1157 1173 1229 temporum.

343 1267 377 1337 11
403 1261 498 1324 Feria
524 1281 560 1323 .v.
585 1260 628 1323 de
654 1257 756 1322 seria:
786 1259 966 1322 versiculus
991 1259 1035 1322 de
1065 1259 1167 1323 tercio
1183 1269 1354 1335 nocturno,
1382 1259 1510 1324 scilicet

300 1349 499 1430 Egredietur
511 1347 682 1422 Dominus,
694 1355 728 1409 et
745 1346 968 1428 Responsoria
983 1345 1026 1409 de
1035 1347 1182 1410 secundo
1194 1356 1357 1410 nocturno
1372 1345 1510 1409 historie

299 1435 514 1499 dominicalis.
561 1434 617 1497 Ad
640 1453 803 1515 vesperas,
822 1433 1083 1515 Responsorium
1107 1434 1250 1509 Festina,
1265 1445 1300 1497 et
1322 1433 1510 1517 antiphona

303 1523 513 1605 Osapientia.

341 1640 375 1710 11
400 1634 495 1698 Feria
526 1633 574 1697 .vi.
602 1633 644 1695 de
678 1631 792 1695 seria¹z
826 1632 1004 1695 versiculus
1038 1631 1095 1695 Ex
1127 1631 1225 1712 Syon,
1259 1653 1335 1695 cum
1368 1633 1512 1716 propriis

301 1722 540 1806 Responsoriis.

341 1839 375 1910 11
398 1833 557 1910 Sabbatu,
568 1832 611 1896 de
623 1832 735 1896 feria¹:
758 1832 937 1895 versiculus
948 1831 1350 1914 Egredieturvirga,cum
1367 1832 1512 1916 propriis

300 1922 540 2005 Responsoriis,
556 1931 590 1983 et
607 1921 706 1983 missa
722 1929 866 2001 quatuor
881 1936 1079 2002 temporum.

473 2038 507 2108 11
531 2032 710 2095 Dominica
719 2031 778 2095 iiii.
790 2031 969 2095 Aduentus
981 2031 1118 2094 Domini
1131 2055 1138 2095 :
1154 2041 1264 2096 totum
1277 2032 1319 2095 de
1328 2031 1510 2096 dominica

299 2085 368 2139 Dec.
386 2081 437 2154 19·]
475 2119 530 2183 Ad
547 2120 670 2202 primas
682 2138 845 2201 vesperas,
863 2119 1124 2201 Respousorium
1140 2119 1218 2182 Non
1241 2120 1416 2200 auferetur.

337 2236 371 2306 11
396 2231 490 2293 Feria
505 2231 543 2294 .ii.
567 2230 610 2293 de
636 2229 715 2292 seria
739 2249 843 2310 vsque
866 2229 910 2292 ad
936 2230 1081 2305 missam,
1109 2251 1174 2313 que
1200 2231 1262 2294 erit
1288 2231 1332 2294 de
1355 2231 1507 2316 vigilia²z

298 2318 524 2401 Responsoria
540 2318 676 2380 historie
690 2316 907 2379 dominicalis.

339 2436 373 2506 11
397 2431 493 2493 Feria
505 2429 555 2494 iii.
565 2429 608 2492 de
619 2438 736 2491 sancto
748 2426 915 2492 Thomal:
942 2427 1080 2492 Inferius
1091 2429 1226 2513 duplex.
1274 2429 1329 2493 Ad
1342 2431 1511 2496 secundas

296 2538 460 2601 vesperas,
475 2517 620 2579 solennis
637 2516 795 2579 memoria
811 2515 853 2578 de
869 2514 955 2578 festo
970 2515 1032 2578 loci
1048 2540 1055 2578 :
1079 2518 1239 2579 memoria
1254 2518 1297 2582 de
1321 2517 1485 2581 Aduentu
1503 2544 1510 2583 :

297 2618 331 2669 et
346 2610 388 2669 de
403 2615 518 2666 sancta
536 2604 652 2680 Maria,
675 2603 859 2686 antiphona
874 2602 978 2664 Beata
993 2624 1031 2666 es.

340 2723 374 2794 11
398 2718 495 2780 Feria
510 2715 570 2779 iiii.
587 2715 630 2778 de
646 2714 732 2778 sesto
748 2715 819 2778 loci.

339 2837 373 2907 11
397 2829 493 2893 Feria
508 2850 545 2892 .v.
561 2828 604 2891 de
619 2836 735 2890 sancta
752 2828 866 2891 Maria.

337 2949 374 3019 11
398 2942 494 3005 Feria
509 2941 556 3004 .vi.
572 2940 615 3003 de
629 2938 742 3022 vigilia
758 2939 952 3003 Natiuitatis
969 2939 1113 3004 Domini.

340 3062 374 3132 11
399 3053 559 3131 Sabbato,
573 3051 644 3115 dies
661 3051 865 3128 Natiuitatis,
881 3052 1003 3117 festum
1019 3052 1207 3135 principale.

473 3169 509 3315 gl
532 3163 708 3313 Dominica
723 3162 808 3226 inira
823 3174 970 3240 octauas,
986 3165 1028 3227 de
1043 3176 1160 3228 sancto
1177 3164 1370 3249 Stephano:
1395 3166 1508 3233 minus

499 3271 545 3334 up
558 3271 611 3314 ex.

339 3370 375 3441 11
398 3365 494 3428 Feria
508 3363 547 3427 ii.
562 3363 606 3426 de
621 3373 736 3426 sancto
754 3363 924 3426 Iohanne:
948 3364 1055 3426 minus
1071 3364 1206 3446 duplex.

340 3483 374 3553 11
399 3477 495 3540 Feria
510 3475 561 3539 iii.
577 3474 620 3539 de
639 3475 893 3539 Innocentibus:
917 3476 1026 3538 minus
1041 3476 1176 3558 duplex.

299 3219 370 3273 Dec.
384 3212 439 3285 26.]

341 3708 377 3777 11
399 3701 497 3764 Feria
512 3721 548 3764 .v.
572 3700 615 3763 de
638 3699 775 3762 seruicio
798 3709 916 3762 octaue
943 3699 1136 3763 Natiuitatis
1162 3699 1319 3763 Domini:
1342 3710 1409 3765 tres
1439 3702 1507 3766 lec·

299 3790 415 3864 tiones,
431 3807 506 3850 cum
523 3786 682 3868 regimine
698 3786 808 3849 chori:
831 3786 1009 3850 versiculus
1025 3797 1058 3850 et
1084 3788 1307 3869 Responsoria
1329 3789 1372 3851 de
1395 3789 1505 3871 primo

299 3885 461 3940 nocturno
476 3870 591 3957 primi†
606 3873 680 3937 diei.
725 3873 874 3956 Vespere
889 3884 986 3937 erunt
1001 3876 1044 3937 de
1058 3884 1175 3937 sancto
1192 3873 1372 3956 Syluestro

299 4040 362 4093 Dec
475 3986 628 4062 (IFeria
643 3986 691 4050 .vi.
707 3985 750 4049 de
766 3995 882 4049 sancto
898 3985 1094 4067 Syluestro:
1117 3987 1161 4049 ix.
1178 3986 1344 4051 lectiones.
1390 3987 1505 4052 Medie

363 4033 439 4106 ’Μ
475 4073 634 4137 lectiones
657 4073 699 4136 de
723 4073 918 4149 Natiuitate‚
937 4093 1012 4136 cum
1037 4073 1197 4136 versiculo
1212 4082 1246 4136 et
1269 4074 1504 4157 Responsoriis

296 4160 339 4224 de
355 4162 502 4224 secundo
517 4169 680 4224 nocturno
695 4158 816 4243 prime†
830 4160 916 4224 diei!

327 4390 336 4423 ¹
354 4392 385 4442 de
397 4391 474 4442 seria:
492 4409 538 4442 om.
552 4391 594 4453 87,
610 4391 650 4442 88.
913 4393 925 4425 ²
941 4395 967 4445 S.
981 4396 1080 4446 Thone
1090 4411 1171 4461 apost.

324 4456 336 4488 ³
351 4457 460 4523 archiep.
475 4467 547 4508 mart.

325 4522 337 4553 ⁴
353 4523 454 4573 Nonum
468 4523 661 4590 Responsorium
673 4540 688 4573 a
699 4524 796 4575 duobus
807 4534 936 4576 cantetur:
954 4526 1010 4575 add.
1024 4537 1065 4588 97,
1076 4540 1116 4577 01.

1633 615 1635 673 l
