3326 5208
492 461 709 513 SECUNDUM
731 463 758 511 C.
793 464 870 511 xviii.
889 461 952 513 xv.†
968 465 1015 512 vii.
1035 465 1087 514 iiii.
1346 480 1396 531 209

230 621 264 691 11
287 616 385 679 Feria
399 615 450 678 .vi.
466 615 508 677 de
523 624 639 679 sancta
656 614 771 679 Maria.

230 733 265 803 11
288 726 448 801 sabbato,
478 727 520 789 de
554 726 736 809 apostolis‚¹
774 727 915 790 Inferius
950 727 1087 811 duplex.
1142 730 1201 794 Ad
1228 750 1395 814 vesperas,

187 815 349 878 memoria
363 814 406 877 de
421 814 598 887 dominica,
615 827 649 877 et
664 815 831 896 processio
847 814 914 879 fiat

229 941 264 1011 11
285 934 352 997 Vbi
386 933 470 997 fiunt
501 943 567 996 tres
587 934 933 1012 commemorationes,
967 935 1000 998 in
1033 957 1071 999 .v.
1109 935 1190 1001 feria
1233 937 1292 1004 fiat
1328 960 1395 1003 vna

186 1021 471 1086 commemoratio.
526 1021 572 1085 Et
587 1030 666 1084 tunc
688 1021 721 1084 in
737 1021 780 1085 ‚it
795 1021 875 1084 seria
889 1023 1045 1085 dicuntur
1067 1024 1293 1107 Responsoria
1316 1024 1398 1091 Vidi

177 1120 319 1191 portam.

187 1273 218 1325 M
363 1226 395 1296 11
420 1220 598 1283 Dominica
621 1219 684 1284 iiii.
707 1229 784 1303 post
809 1218 921 1297 Pasca,
947 1222 990 1284 de
1019 1222 1159 1288 seruicio
1181 1224 1393 1290 dominicali:

220 1268 307 1393 Ψ]
364 1307 502 1370 tercium
520 1307 963 1389 Responsoriumaduobus
979 1319 1140 1373 cantetur.
1188 1312 1393 1377 lnlaudibus

185 1414 251 1457 vna
266 1393 458 1476 antiphona
505 1393 561 1456 Ad
585 1414 749 1475 vesperas,
764 1395 910 1457 solennis
926 1397 1087 1460 memoria
1108 1397 1150 1461 de
1169 1400 1393 1483 martyribus,l

187 1490 221 1545 et
236 1480 279 1543 de
294 1482 472 1556 dominica,
487 1492 521 1544 et
537 1482 705 1562 processio
721 1480 787 1545 fiat.

228 1607 263 1677 11
287 1601 384 1664 Feria
398 1602 440 1666 .ii.
457 1602 499 1664 de
523 1599 649 1665 Sancta
671 1600 786 1677 Cruce,
809 1603 918 1665 minus
941 1602 1077 1687 duplex.
1122 1604 1186 1669 Ad·
1202 1607 1394 1686 matutinas,

185 1687 345 1789 solennis⁸
371 1689 531 1751 memoria
555 1689 597 1752 de
624 1689 846 1771 martyribus.¹
902 1689 1109 1772 Antiphona,
1135 1692 1214 1755 Lux
1229 1704 1394 1776 perpetua,

186 1795 302 1838 mmor.

227 1888 382 2038 l(IFeria
397 1888 449 1951 iii
465 1886 507 1950 de
531 1887 618 1952 seria
664 1888 890 1971 Responsoria
912 1889 1075 1954 Narrabo.
1122 1890 1228 1956 Missa
1251 1892 1394 1957 domini·

185 1995 225 2038 ca
238 1995 274 2038 rs.

228 2092 263 2162 11
287 2087 384 2150 Feria
397 2086 461 2150 .iiii.
477 2087 520 2150 de
536 2086 622 2149 festo
638 2086 709 2150 loci.

218 2205 263 2347 ‘l
286 2200 384 2262 Feria
421 2221 459 2262 .v.
505 2201 548 2262 de
594 2208 711 2262 sancto
749 2198 901 2263 Iohanne
938 2200 1116 2284 apost010,⁴
1156 2201 1392 2267 Inuitatorium

185 2296 250 2369 tr1p
264 2307 317 2349 ex.

228 2405 263 2475 11
287 2399 383 2461 Feria
399 2399 448 2461 .vi.
465 2397 507 2461 de
523 2408 641 2461 sancto
658 2396 808 2461 Iohanne
823 2400 866 2461 de
884 2397 1072 2464 Beuerlaco.

227 2517 262 2587 11
286 2509 446 2587 Sabbato,
463 2511 505 2573 de
520 2519 637 2573 sancta
654 2509 769 2573 Maria„

228 2631 262 2701 11
284 2623 352 2687 Vbi
377 2622 459 2685 hunt
483 2632 550 2686 tres
576 2623 919 2699 commemorationes,
942 2624 975 2686 in
1002 2625 1117 2687 tercia⁵
1143 2623 1223 2688 feria
1246 2623 1304 2688 fiat
1327 2646 1394 2690 vna

76 2734 79 2745 ’
185 2711 468 2776 commemoratio
514 2710 560 2773 Et
575 2719 656 2772 tunc
672 2710 774 2772 missa
789 2710 998 2773 dominicalis
1014 2712 1135 2776 dicitur
1157 2713 1190 2774 in
1214 2712 1393 2793 dominica,

185 2801 218 2862 in
235 2798 390 2881 capitulo.

362 2914 395 2984 11
419 2908 599 2971 Dominica
613 2929 651 2971 .v.
667 2917 744 2990 post
761 2907 874 2982 Pasca,
890 2910 933 2972 de
947 2910 1088 2972 seruicio
1103 2910 1304 2975 dominicali.
1352 2912 1391 2976 ln

187 2964 256 3031 May
268 2957 307 3030 9']
363 2995 517 3058 laudibus
532 3015 649 3058 omnes
664 2994 878 3078 [antiphone]
894 2997 1055 3059 dicantur.
1101 2997 1157 3060 Ad
1174 3017 1329 3081 vesperas
1348 3000 1391 3062 de

184 3084 363 3159 dominica,
387 3082 493 3145 Nihill
515 3082 557 3145 de
580 3081 805 3163 martyribus,⁷
828 3102 889 3144 nec
909 3084 1010 3145 etiam
1028 3083 1060 3145 in
1077 3085 1243 3148 crastino:
1267 3086 1330 3148 nisi
1346 3086 1390 3148 ad

183 3190 339 3253 vesperas
370 3182 403 3232 et
435 3169 478 3232 ad
512 3171 694 3232 matutinas
728 3171 824 3232 beate
855 3172 1009 3251 virginis:
1042 3170 1101 3233 sed
1136 3170 1194 3234 fiat
1228 3174 1391 3235 memoria

182 3259 363 3323 solenniter
377 3259 420 3319 de
435 3257 680 3319 resurrectione.

226 3386 260 3456 11
285 3380 381 3442 Feria
396 3379 436 3442 ii.
452 3379 494 3440 de
510 3376 597 3439 seria.
645 3376 750 3439 Nihil⁸
765 3375 807 3439 de
832 3379 1052 3459 martyribus!
1098 3378 1323 3461 Responsoria
1346 3382 1389 3444 de

182 3468 285 3531 tercia
301 3467 402 3529 feria.
419 3464 544 3528 scilicet
558 3464 738 3544 Hymnum.

224 3592 257 3661 11
282 3585 378 3648 Feria
393 3585 444 3648 .iii.
459 3585 502 3646 de
517 3592 633 3646 sancta
650 3583 765 3647 Maria.

182 3793 409 3876 Responsoria
425 3793 467 3853 de
482 3792 545 3854 iiii.
563 3791 652 3867 seria,
666 3790 790 3853 scilicet
806 3790 919 3852 Deduc
933 3812 989 3854 me.

223 3920 256 3989 11
280 3913 348 3976 Vbi
365 3911 448 3975 fiunt
463 3921 531 3974 tres
545 3911 891 3985 commemorationes,
907 3911 938 3972 in
956 3912 1102 3974 secunda
1125 3911 1205 3975 seria
1227 3913 1384 3977 dicuntur

181 4001 408 4084 Responsoria
422 4001 465 4062 de
480 3999 598 4061 eadem
622 3997 711 4074 seria,
734 3997 858 4060 scilicet
873 3998 1035 4061 rl'arrabo.
1082 3999 1128 4062 Et
1151 4001 1184 4061 in
1206 4002 1270 4065 iiii.
1294 4001 1383 4079 feria,

213 4262 222 4294 ¹
239 4264 285 4314 SS.
301 4263 419 4327 Philippo
430 4270 454 4311 et
467 4262 567 4310 Iacobo.
813 4256 825 4288 ²
840 4258 886 4308 SS.
900 4259 1053 4318 Alexandro,
1067 4258 1175 4310 Euentio
1186 4270 1211 4310 et
1223 4261 1372 4313 Theodulio.

212 4328 223 4359 ³
238 4328 368 4379 solennis:
385 4344 432 4376 om.
446 4326 486 4388 87,
498 4326 537 4375 88.
817 4323 828 4353 ⁴
844 4336 900 4372 ame
912 4334 976 4388 port.
993 4326 1035 4373 lat.

211 4392 222 4424 ⁸
237 4395 281 4443 iiii.
295 4413 302 4445 z
319 4394 359 4454 87.
373 4392 413 4442 88.
817 4386 828 4418 ⁶
844 4390 905 4438 fiat:
922 4391 978 4439 add.
992 4390 1031 4450 87,
1043 4388 1083 4438 88.

209 4458 220 4491 ⁷
237 4459 282 4510 SS.
294 4459 423 4509 Gordiano
433 4466 458 4507 et
471 4455 617 4521 Epimacho.
819 4453 830 4484 ⁸
846 4464 870 4503 et
882 4455 959 4518 before
969 4455 1051 4505 nihil:
1068 4454 1108 4516 87,
1119 4454 1159 4505 88.

210 4522 221 4555 ⁸
238 4526 283 4575 SS.
298 4526 389 4583 Nereo,
403 4523 518 4572 Achilleo
529 4532 554 4571 et
566 4520 704 4571 l‘ancmtio.

265 4605 348 4654 PICA
373 4603 509 4654 SARUM.
