3310 5206
511 450 672 500 PRIMUM
688 451 722 499 A.
757 449 812 498 xvi.
836 449 897 498 xiii.
922 465 946 498 v.
971 450 1001 498 ii.

217 754 251 824 (I
275 750 371 812 Feria
399 769 438 811 .v.
467 747 510 811 de
540 744 599 820 de†
628 757 746 810 sancta
784 747 984 828 Margareta,
1013 746 1059 809 ix.
1090 746 1258 811 lectiones.
1317 748 1375 811 Ad

164 834 336 898 secundas
351 855 505 917 vesperas
523 833 592 898 fiat¹
608 834 769 898 memoria
784 834 827 897 de
841 843 957 897 sancta
982 835 1143 912 Praxede,
1158 835 1285 917 virgine
1308 855 1375 898 non

171 932 330 1003 martyre.

191 1072 250 1165 ,εἷ
263 1066 370 1216 lFeria
396 1065 455 1141 .vi,
481 1066 525 1129 de
547 1076 665 1128 sancta
688 1064 853 1142 Praxede,
876 1065 920 1128 iii.
946 1064 1114 1144 lectiones,
1141 1067 1374 1132 Inuitatorium

165 1174 262 1236 simp
275 1173 329 1216 ere

217 1306 251 1376 (I
274 1299 433 1373 Sabbato,
449 1301 492 1364 de
506 1310 622 1363 sancta
639 1299 747 1362 Maria
758 1298 982 1381 Magdalena,²
996 1299 1229 1364 Inuitatorium
1242 1299 1373 1383 triplex.

167 1389 220 1450 ix
249 1387 441 1451 lectiones⁸:
465 1388 625 1450 memoria
654 1388 698 1450 de
727 1396 843 1449 sancto
873 1386 1097 1468 Wandragra⁴
1126 1387 1256 1451 abbate.
1316 1389 1374 1453 Ad

170 1476 311 1538 missam
342 1475 472 1538 dicatur
498 1473 604 1539 Credo.
649 1474 707 1538 Ad
738 1474 901 1536 secundas
924 1476 1101 1555 vesperas,⁵
1122 1474 1166 1536 de
1195 1474 1374 1553 dominica,

170 1562 373 1644 Antiphona
387 1562 461 1624 Rex
472 1560 598 1636 dauid,l
613 1561 774 1624 memoria
789 1561 831 1624 de
846 1571 963 1623 sancta
980 1561 1087 1624 Maria
1103 1562 1314 1644 Magdalena,
1330 1563 1374 1626 de

169 1659 291 1711 sancto
312 1648 519 1730 Apollinare,
543 1648 586 1710 de
608 1646 782 1722 Trinitate,
799 1656 833 1711 et
854 1646 913 1710 fiat
938 1649 1104 1731 processio
1129 1658 1207 1711 ante
1232 1668 1372 1712 crucem.

170 1736 241 1798 Vbi
251 1735 336 1798 fiunt
344 1744 411 1798 tres
420 1735 762 1808 commemorationes,
773 1743 852 1798 tunc
866 1735 899 1797 iu
910 1737 961 1798 .vi.
974 1734 1185 1799 leriadicitur
1199 1736 1242 1798 de
1257 1745 1374 1799 sancta

172 1823 291 1899 Maria,
306 1830 341 1885 et
355 1822 389 1884 in
405 1822 468 1884 ,iiii
485 1821 566 1884 seria
581 1820 640 1884 fiat
654 1842 720 1884 vna
735 1822 1020 1885 commemoratio.

167 2019 218 2087 Ju]
250 2032 265 2070 2
293 2014 305 2087 ]
347 1966 585 2043 ΕΙΒοιηίηἰοει
607 1966 680 2028 .viii.
701 1966 840 2033 historie
863 1966 956 2029 Deus
980 1968 1136 2044 omnium,
1162 1970 1205 2033 de
1234 1967 1374 2031 seruicio

166 2035 238 2202 A,
255 2032 1373 2206 l...}⁰¹⁰³.2{2³¹³‘{lfflmlfmtffl³1.²t12⁰.ilt.¹.²“.332³⁸.l}⁵l¹lt⁰

169 2160 579 2309 Agosecundasellespeplas
594 2226 653 2289 fiat
668 2150 828 2290 mgnoria
846 2227 889 2289 de
904 2238 1021 2290 sancta
1037 2190 1182 2293 C’ristina
1197 2163 1373 2313 virlgineeal
1455 2210 1459 2218 ⁵

169 2323 325 2394 martyre.

214 2464 249 2534 (Ι
272 2459 368 2521 Feria
393 2460 442 2535 .ii.,
469 2458 511 2521 de
541 2468 658 2522 sancta
688 2458 841 2534 Cristina,
866 2458 1099 2523 Inuitatorium
1130 2461 1284 2545 simplex,
1306 2473 1373 2527 tres

163 2546 329 2608 'lectiones
355 2566 431 2609 cum
456 2543 640 2609 nocturno.⁷
682 2544 874 2628 Capitulum
897 2546 1046 2625 Domine,
1060 2547 1153 2610 Deus
1174 2570 1269 2612 mus.
1314 2550 1372 2613 Ad

169 2633 324 2714 primam,
339 2632 547 2715 Capitulum⁸
560 2632 710 2709 Domine,
725 2632 882 2695 mirerere.

213 2783 249 2854 (Ι
271 2741 368 2841 Feria
396 2778 457 2855 iii,
487 2777 530 2841 de
559 2785 675 2840 sancto
707 2777 829 2841 Iacobo
859 2778 1034 2859 apostolo?
1058 2779 1199 2844 Inferius
1221 2780 1372 2864 duplex.

166 2865 333 2927 memoria
347 2865 492 2928 solennis
507 2865 550 2927 de
566 2864 767 2945 martyribus
790 2863 1031 2946 christophoro
1046 2876 1080 2930 et
1096 2866 1268 2931 Cucufato.
1313 2870 1371 2932 Ad

169 2952 334 3014 secundas
348 2972 503 3033 vesperas
517 2950 577 3014 fiat
592 2950 736 3013 solennis
752 2953 914 3014 memoria
930 2952 971 3014 de
987 2962 1103 3016 sancta
1117 2953 1229 3017 Anna.

213 3102 247 3172 (I
270 3097 367 3161 Feria
396 3096 461 3159 iiii.
491 3095 533 3159 de
563 3107 679 3159 sancta
710 3094 820 3159 Anna
867 3097 1102 3160 Inuitatorium
1133 3099 1266 3181 triplex.
1310 3099 1369 3164 Ad

167 3204 324 3266 vesperas
338 3183 398 3246 fiat
413 3183 575 3246 memoria
589 3183 632 3245 de
648 3182 787 3265 Septem
804 3183 1057 3247 Dormientibus
1073 3187 1282 3267 martyribus.

212 3334 246 3405 {I
269 3329 366 3393 Feria
388 3350 435 3403 .v.,
457 3328 500 3390 de
524 3327 663 3410 Septem
691 3328 952 3403 Dormientibus
972 3329 1204 3393 Inuitatorium
1232 3331 1370 3414 duplex,

168 3426 236 3479 tres
266 3416 435 3479 lectiones.
480 3414 672 3497 Capitulum
702 3413 829 3477 Reddet
855 3414 954 3477 Deus.
1024 3414 1203 3480 Secunde¹⁰
1232 3438 1369 3502 vespere

167 3512 266 3566 erunt
282 3502 324 3564 de
340 3501 425 3565 sesto
447 3501 521 3573 loci,
537 3511 571 3564 et
594 3502 755 3564 memoria
769 3502 812 3565 de
827 3512 946 3565 sancto
969 3501 1132 3566 Samsone
1154 3504 1320 3589 episcopo,
1334 3516 1368 3569 et

169 3591 213 3653 de
227 3599 344 3652 sancto
360 3589 579 3652 Panthalione
596 3589 776 3669 martyre.¹¹

200 3952 209 3983 ¹
227 3951 287 4001 fiet:
305 3949 322 4000 8
340 3988 347 4009 ‚
360 3948 400 3999 88.

199 4018 211 4048 ²
226 4018 268 4066 De
279 4015 306 4066 S.
321 3961 403 4066 haria
416 4015 502 4079 Magd.
516 4013 545 4063 ol
558 4013 660 4076 Deseris.
674 4013 770 4061 Dircct.
784 4028 806 4062 c.
822 4023 862 4076 51,
876 4029 900 4077 p.
917 4024 955 4075 17.

199 4082 210 4113 ³
227 4084 258 4132 lu
269 4082 333 4133 sesto
344 4082 372 4133 S.
386 4080 468 4129 Maria
480 4078 646 4142 Magdalenae
656 4078 689 4127 ad
701 4079 811 4136 Nonam,
823 4079 854 4126 V.
868 4079 1034 4127 Adducmtur
1043 4080 1098 4143 regi
1106 4080 1234 4144 virgines:
1251 4082 1363 4147 (veson.

162 4150 263 4198 Dirae
277 4164 299 4197 c.
314 4159 354 4212 51,
367 4163 391 4211 p.
408 4157 457 4206 17;
476 4146 551 4194 Crede
562 4144 646 4193 Michi
654 4145 668 4202 ἕ
682 4141 720 4202 18,
733 4159 775 4208 pp.
790 4155 831 4205 32,
844 4145 898 4206 33.)

198 4214 210 4243 ⁴
226 4213 253 4263 S.
266 4211 474 4276 Wandragesilo:
492 4209 533 4269 87,
546 4221 587 4270 97,
599 4222 641 4268 01,
652 4207 695 4257 08.
816 4206 827 4237 ⁶
843 4208 977 4258 matutinas
988 4208 1026 4257 lor
1036 4210 1158 4259 secumdas
1174 4227 1307 4276 vesperas:
1324 4212 1364 4263 88.

198 4276 210 4308 ⁸
227 4279 283 4327 Rex
293 4288 376 4327 autem
388 4277 492 4325 Donni:
508 4273 549 4334 87,
561 4273 601 4323 88.
645 4274 700 4322 The
717 4272 840 4338 antiphon
852 4275 908 4322 Rex
918 4281 1001 4321 autem
1013 4275 1105 4323 David
1119 4286 1146 4325 to
1164 4276 1195 4325 be
1214 4278 1282 4327 used.
1319 4279 1366 4329 See

164 4345 244 4393 Brcv.
258 4344 316 4393 Sor.
330 4360 354 4408 p.
368 4341 477 4404 mclxxij.
513 4342 574 4389 Ant.
591 4352 628 4388 10.
852 4337 863 4370 '¹
879 4338 953 4387 trium
965 4339 1011 4388 lec.
1023 4355 1080 4389 eum
1092 4357 1147 4390 noc.
1159 4360 1166 4389 t
1182 4340 1224 4391 08.

200 4408 211 4438 ⁸
227 4409 380 4473 capitulum:
396 4424 443 4455 ortt.
458 4406 499 4466 87,
512 4403 551 4454 88.
857 4400 868 4433 ⁹
883 4405 1015 4468 apostolo:
1031 4421 1078 4454 om.
1092 4406 1132 4466 87,
1146 4404 1186 4456 88.

200 4472 222 4504 ¹⁰
238 4475 363 4524 secunde:
380 4488 427 4521 om.
441 4470 482 4532 87,
495 4469 535 4519 88
851 4466 871 4499 ¹¹
887 4478 1010 4533 martyre:
1026 4486 1073 4520 om.
1087 4482 1128 4532 97,
1140 4485 1182 4531 ot,
1194 4470 1235 4521 08.

257 4553 341 4604 pren
363 4551 499 4603 sanun.
1216 4553 1240 4602 E
