3326 5208
527 466 629 527 QUAR
634 467 651 514 7
655 467 719 516 'CM
740 467 767 515 C.
802 468 859 514 xr'x.
878 468 950 515 xiiii.
969 469 1007 514 xi.
1028 468 1068 515 iii.
1357 475 1405 527 235

239 625 273 695 (Ι
298 619 394 681 Feria
409 619 468 682 iiii.
485 621 528 681 de
543 620 689 681 octauis:
712 620 894 702 antiphone
909 629 943 682 et
958 619 1184 701 Responsoria
1199 620 1242 682 de
1256 616 1304 681 .vi.
1318 615 1407 691 seria,

195 716 230 768 et
246 707 406 768 memoria
421 707 464 769 de
480 705 699 788 martyribus.¹

239 817 273 886 (Ι
299 811 395 873 Feria
417 831 454 873 .v.
478 813 520 873 de
542 812 684 873 octaua²
729 810 785 872 Ad
809 810 972 873 secundas
994 830 1159 893 vesperas,
1183 808 1342 871 memoria
1365 807 1408 869 de

196 910 314 959 sancta
332 898 459 959 Maria:
483 897 667 979 antiphona
684 897 754 960 Suo
770 907 869 960 tuatn.

241 1006 274 1075 (ζ
300 1001 326 1063 F
328 1003 395 1062 eria
411 1001 458 1064 .vi.
476 1002 517 1062 de
533 1012 650 1062 sancta
667 1001 782 1076 Maria,
798 1001 869 1063 sine
883 1001 995 1081 aliqua
1011 1001 1178 1062 memoria

240 1111 274 1180 (Ι
298 1104 458 1181 Sabbat0‚
473 1104 516 1166 de
531 1104 641 1186 vigilia
658 1105 902 1179 Penthecostes,
919 1113 953 1167 et
969 1104 1048 1166 nihil
1064 1105 1107 1166 de
1122 1102 1344 1183 martyribus.³

375 1214 409 1283 (Ι
435 1208 472 1270 ln
490 1208 543 1270 die
560 1207 807 1279 Penthecostes,
820 1219 854 1270 et
864 1228 923 1289 per
938 1206 1195 1284 hebdomadam,
1208 1206 1251 1268 de
1266 1203 1409 1267 solenni-

377 1306 445 1358 tate
461 1295 543 1358 sesti.
591 1296 621 1357 N
626 1294 695 1356 ihil⁴
705 1298 747 1358 de
764 1305 880 1358 saneto
898 1294 1089 1368 Edmund0,
1106 1314 1214 1375 neque
1235 1293 1277 1355 de
1294 1300 1409 1355 sancto

198 1381 354 1444 Barnaba
370 1381 530 1463 apostolo

241 1490 275 1558 (Ι
300 1484 353 1547 De
368 1485 490 1546 sanctis
506 1485 604 1546 trium
621 1482 799 1546 lectionum
816 1482 873 1545 fiat
890 1485 1049 1545 memoria
1072 1482 1115 1544 ad
1130 1503 1286 1565 vesperas
1310 1491 1343 1543 et
1366 1480 1409 1543 ad

199 1571 381 1633 matutinas
398 1572 494 1634 beate
511 1571 625 1645 Mane,
642 1572 726 1633 sicut
742 1591 801 1653 per
815 1570 1062 1633 hebdomadam
1081 1570 1191 1633 Pasce.

242 1680 276 1750 (Ι
301 1673 402 1737 Nulla
418 1675 583 1738 dominica
608 1672 758 1737 differtur
782 1674 813 1735 in
839 1674 903 1735 isto
927 1694 1024 1749 anno,
1051 1675 1130 1755 quia
1153 1684 1286 1754 tempus
1309 1670 1410 1734 breue

199 1774 257 1824 est.
323 1760 424 1824 Nulla
451 1763 623 1823 memoria³
649 1761 691 1823 de
720 1761 844 1842 Spiritu
875 1760 1000 1824 Sancto
1026 1761 1069 1822 ad
1096 1780 1252 1842 vesperas
1279 1779 1339 1821 nec
1367 1759 1409 1820 ad

199 1849 382 1911 matutinas
398 1849 495 1911 beate
510 1849 651 1931 virginis,
669 1849 828 1931 perhanc
844 1847 1100 1910 hebdomadam.

242 1959 276 2028 (Ι
300 1953 391 2014 Nota
407 1952 497 2033 quod
515 1953 740 2034 Responsoria
755 1954 798 2015 de
813 1952 960 2014 secundo
972 1961 1136 2014 nocturno
1146 1952 1268 2014 debent
1283 1950 1410 2012 cantari

198 2040 283 2101 inira
299 2050 436 2102 octauas
452 2040 686 2121 reliquiarum.⁶

376 2149 410 2218 (Ι
435 2143 500 2206 Die
517 2143 640 2207 Sancto
663 2143 835 2205 Trinitatis
856 2144 969 2205 omnia
991 2152 1116 2225 patent.
1163 2141 1219 2204 Ad
1246 2142 1410 2204 secundas

199 2195 272 2262 June
288 2190 341 2263 ¹3']
377 2250 532 2311 vesperas
548 2231 610 2293 sub
625 2230 770 2292 silentio
786 2229 843 2292 fiat
860 2232 1020 2291 memoria
1036 2230 1078 2291 de
1103 2229 1188 2291 festo
1211 2228 1281 2299 loci,
1298 2231 1345 2289 ⁸et
1368 2229 1411 2289 de

199 2327 316 2377 sancto
342 2316 486 2379 Basilio⁸
531 2317 689 2399 Quotidie
714 2338 772 2399 per
798 2317 1057 2393 hebdomadam,
1080 2316 1123 2379 ad
1151 2317 1301 2398 primam,
1327 2315 1411 2377 anti·

200 2403 312 2484 phona
330 2403 359 2466 0
374 2403 473 2466 beata.

242 2512 276 2581 (Ι
301 2506 328 2568 F
329 2507 395 2568 eria
411 2508 447 2570 ii.
464 2507 507 2569 de
523 2507 608 2570 festo
625 2507 705 2569 loci:
729 2508 888 2569 memoria
903 2507 946 2569 de
961 2508 1099 2583 sanct0,9
1114 2516 1148 2569 ct
1164 2506 1207 2569 de
1222 2506 1357 2569 octauis.

242 2615 276 2684 (Ι
301 2609 396 2672 Feria
411 2612 459 2673 iii.
476 2611 518 2673 de
541 2620 657 2673 sancta
676 2611 804 2673 Maria:
828 2612 988 2673 memoria
1003 2611 1046 2673 de
1061 2612 1297 2691 martyribus,¹⁰
1312 2620 1346 2671 et
1369 2608 1412 2670 de

198 2697 358 2760 octauis.¹¹

243 2806 277 2874 (Ι
302 2801 398 2862 Feria
413 2802 472 2863 iiii.
489 2801 531 2862 de
547 2812 663 2864 sancto
687 2802 832 2864 Ricardo
855 2801 1020 2883 episcopo,
1036 2802 1080 2863 ix.
1098 2800 1274 2864 lectiones:
1299 2800 1412 2862 Medie

201 2886 360 2949 lectiones
376 2889 418 2949 de
433 2890 671 2969 martyribus¹²
685 2899 719 2951 et
741 2891 901 2951 memoria
916 2895 959 2951 de
974 2889 1135 2950 octauis.¹³
1179 2889 1239 2950 Ad
1247 2906 1410 2969 vesperas,

202 2975 362 3036 memoria
378 2977 419 3038 de
436 2986 553 3038 sancto
569 2976 713 3038 Ricardo
729 2977 791 3038 sub
806 2975 944 3038 silentio.

196 1261 271 1328 June
283 1255 322 1328 6·]

244 3083 278 3152 (Ι
303 3077 398 3139 Feria
424 3099 461 3140 .v.
517 3079 653 3141 Festum
681 3078 838 3159 Corporis
862 3077 994 3151 Christi,
1019 3079 1126 3140 maius
1150 3077 1287 3161 duplex.
1334 3078 1412 3141 Non

202 3164 331 3227 dicatur
350 3164 465 3226 Gloria
483 3164 552 3238 tibi,
568 3164 719 3241 Domine,
732 3166 793 3246 qui
813 3176 919 3238 notus,
937 3166 996 3226 nisi
1020 3166 1155 3248 quando
1179 3165 1216 3227 fit
1239 3165 1412 3227 seruitium

201 3251 244 3313 de
257 3252 411 3313 octauis¹³
424 3262 563 3314 tantum.
594 3251 650 3314 Ad
661 3253 824 3314 secundas
839 3273 995 3335 vesperas
1006 3252 1208 3333 antiphona.
1223 3251 1413 3334 Sapientia.

206 3338 358 3400 Psalmus
381 3389 387 3400 .
412 3338 692 3401 DiritDominus.
714 3349 748 3402 et
771 3340 895 3401 ceteri¹⁴
921 3339 1049 3421 psalmi,
1065 3351 1101 3401 vt
1117 3339 1160 3401 ad
1188 3341 1312 3422 primas
1342 3360 1414 3401 ves·

203 3445 318 3507 peras:
345 3426 503 3506 Hymnus
520 3426 635 3488 Sacris
648 3426 803 3488 solenniir
823 3476 831 3489 .
853 3425 1032 3489 versiculus
1056 3426 1183 3488 Panem
1198 3426 1239 3489 de
1251 3426 1321 3489 celo.
1368 3427 1413 3488 Et

203 3513 249 3573 sic
266 3510 323 3573 fiat
340 3513 489 3593 quotidie
505 3532 564 3594 per
579 3515 751 3590 octauas,¹³
767 3515 904 3594 quando
919 3516 961 3575 de
977 3514 1105 3576 octauis
1121 3512 1157 3576 fit
1173 3515 1357 3577 seruicium.

246 3621 280 3690 (Ι
305 3616 400 3677 Feria
424 3618 472 3679 .vi.
498 3616 541 3677 de
564 3617 692 3678 octauis
728 3616 883 3699 Corporis
920 3616 1050 3689 Christi,
1072 3628 1139 3679 tres
1173 3618 1348 3681 lectiones:
1379 3626 1414 3680 et

204 3706 365 3764 memoria
381 3703 423 3765 de
440 3703 677 3784 martyribus,¹³
691 3714 725 3767 et
741 3705 783 3766 de
799 3705 927 3766 octauis
939 3704 1119 3768 Trinitatis.

236 3912 245 3943 ¹
264 3914 310 3963 SS.
326 3913 474 3963 Marcellino
486 3924 511 3963 et
524 3916 605 3964 Petro.
855 3913 866 3944 ²
882 3916 1052 3965 Ascensionis.

236 3978 247 4008 ³
263 3979 310 4029 SS.
327 3979 456 4029 Bonisacio
467 3979 590 4044 sociisque
601 3980 662 4029 eius.
853 3980 864 4010 ⁴
880 3992 905 4030 et
917 3982 994 4045 before
1005 3981 1085 4031 nihil:
1103 3982 1144 4043 87,
1158 3982 1198 4032 88.

236 4042 246 4072 ⁶
263 4044 307 4093 fiat
318 4045 395 4108 before
406 4045 543 4096 memoria:
560 4045 602 4107 87,
615 4044 656 4095 88.

236 4107 248 4137 ⁶
264 4108 314 4158 vbi
326 4120 383 4159 sunt
396 4120 492 4159 tanturn
503 4110 552 4160 due
564 4110 823 4160 commemorationes.
859 4110 910 4159 Vbi
928 4123 985 4161 sunt
1002 4121 1052 4161 tres
1069 4114 1321 4164 commemorationes
1333 4115 1359 4163 in
1372 4114 1413 4164 die

204 4174 285 4224 sancti
296 4175 423 4240 Arnulphi
436 4185 489 4225 tota
499 4186 614 4225 cantetur
631 4176 752 4225 historia:
771 4178 828 4225 add.
841 4188 883 4238 97,
895 4190 937 4225 or.
972 4179 1016 4225 See
1027 4178 1108 4237 heloro,
1124 4196 1147 4243 p.
1163 4177 1219 4241 238.

237 4239 248 4271 ⁷
264 4241 402 4289 solenniter
409 4242 454 4302 for
463 4241 509 4290 sub
520 4240 637 4291 silentio:
655 4253 697 4302 97,
709 4254 750 4290 οι.
862 4242 916 4276 “—0
933 4252 1029 4291 tantum
1042 4261 1049 4291 ι
1066 4254 1108 4303 97,
1120 4257 1161 4292 οι.

236 4302 248 4334 ⁰
264 4305 291 4355 S.
306 4306 407 4355 Basilio.
864 4305 883 4335 ¹⁰
900 4307 946 4357 SS.
960 4308 1029 4367 vito,
1040 4308 1158 4357 Modesto
1169 4318 1194 4358 et
1206 4309 1357 4360 Crescentis.

238 4368 257 4399 ¹¹
274 4370 301 4419 S.
315 4371 455 4420 Trinitatis.
862 4370 883 4400 ¹⁹
899 4374 945 4422 SS.
960 4373 1044 4422 Cirico
1056 4383 1080 4422 et
1093 4374 1187 4423 lulitta.

238 4433 259 4464 ¹³
275 4436 393 4500 Corporis
404 4436 505 4486 Christi.
857 4435 877 4466 ¹⁴
893 4437 937 4486 alii
945 4438 989 4498 sor
998 4437 1093 4487 ceteri:
1111 4438 1152 4500 87,
1169 4438 1209 4489 88.

237 4498 258 4530 ¹³
274 4500 319 4550 SS.
336 4502 424 4551 Marco
434 4512 460 4550 et
472 4502 646 4552 Marcelliano.
