3330 5218
464 470 683 526 SECUNDUM
698 475 733 525 A.
769 474 846 524 xviii.
870 489 914 525 au.
937 490 964 524 x.
988 478 1035 524 vri.
1321 484 1353 537 59

190 630 227 700 (Ι
249 624 347 688 Feria
361 625 414 689 iii.
431 625 473 689 de
488 636 607 690 sancto
620 624 815 708 Augustino
827 627 1028 709 Anglorum¹
1040 628 1203 711 apostolo,
1219 627 1353 690 inferius

145 709 296 793 duplex:
319 724 354 776 et
369 713 432 777 sub
454 713 587 776 silentio
607 712 666 776 fiat
688 715 848 777 memoria
870 716 914 778 de
935 724 1063 778 octaua
1109 715 1166 778 Ad
1190 713 1353 777 secundas

144 817 314 882 vesperas,
345 800 506 863 memoria
542 800 586 863 de
623 812 739 864 sancta
777 801 885 864 Maria
921 802 1133 864 solenniter²z
1169 800 1354 884 antiphona

145 883 223 1035 8ἷύ
236 895 329 1035 tiliam
337 889 582 968 protectionem:
604 896 639 950 et
662 889 705 951 de
728 897 845 951 sancta
870 888 1074 965 ³Petronilla,
1093 898 1127 951 et
1148 889 1191 952 de
1213 888 1353 951 octauis⁸

142 992 182 1035 su
224 973 366 1037 sientio.

189 1100 226 1170 (Ι
249 1095 346 1158 Feria
367 1095 445 1158 .ἱὶἰὶ4
469 1092 513 1180 [b.
545 1094 622 1178 viii]
654 1095 790 1179 plenum
821 1095 993 1161 seruitium
1016 1096 1059 1160 de
1081 1105 1199 1160 sancta
1222 1095 1354 1159 Maria.

143 1182 308 1245 memoria
321 1182 365 1245 de
380 1183 520 1266 virgine⁶
534 1193 568 1246 et
584 1184 627 1245 de
641 1183 779 1246 octauis.

188 1307 225 1377 (Ι
248 1301 345 1364 Feria
360 1324 397 1366 .v.
413 1303 457 1365 de
473 1303 559 1365 festo
576 1301 732 1385 Corporis
749 1301 881 1378 Christi,
903 1302 1010 1366 maius
1032 1303 1182 1385 duplex:
1204 1302 1286 1365 nihil
1310 1302 1352 1364 de

143 1386 276 1453 Sancto
293 1388 508 1452 Nichomede.
551 1388 605 1452 Ad
618 1390 782 1452 secundas
790 1409 956 1473 vesperas,
967 1390 1150 1472 antiphona
1162 1389 1352 1471 Sapientia.

142 1475 296 1557 psalmus
325 1475 427 1539 Dm't
454 1476 627 1554 Dominus,
657 1487 692 1539 et
729 1477 829 1540 ceteri
866 1477 987 1559 psalmi
1024 1480 1110 1540 sicut
1146 1478 1190 1541 ad
1228 1477 1351 1559 primas

142 1582 311 1645 vesperas.
358 1563 516 1645 Hymnus
541 1561 657 1626 Sacris
681 1564 842 1639 solennia,
867 1563 1045 1627 versiculus
1069 1564 1196 1626 Panem
1219 1564 1259 1626 de
1280 1565 1351 1626 ca'o.

146 1649 211 1713 Isti
225 1649 356 1732 psalmi,
371 1650 526 1733 hymnus,
541 1660 574 1713 et
589 1650 769 1713 versiculus
792 1671 851 1732 per
874 1649 1002 1726 totum†
1016 1661 1171 1714 octauam
1188 1651 1351 1727 dicuntur,

142 1737 189 1799 ad
221 1756 385 1818 vesperas,
411 1739 547 1819 quando
569 1736 612 1800 de
637 1747 758 1800 octaua
783 1737 819 1801 fit
845 1737 1029 1801 seruicium.
1076 1737 1245 1820 Quotidie,
1267 1736 1352 1799 infra

143 1833 286 1887 octauas
301 1835 335 1886 et
350 1824 383 1887 in
400 1834 521 1886 octaua
536 1824 590 1886 die
606 1823 740 1888 ‘dicitur
754 1825 936 1905 sequentia,
950 1824 1031 1887 Ecce
1037 1825 1141 1905 panis
1154 1825 1352 1906 angelorum.

139 1906 289 1992 'thuei
303 1930 403 1994 supra
418 1911 452 1973 in
467 1910 498 1973 A
517 1912 648 1993 primo⁸

189 2035 224 2105 (Ι
247 2030 344 2093 Feria
365 2031 415 2093 .vi.
438 2033 481 2094 de
504 2031 631 2093 octauis
647 2080 655 2093 .
669 2040 704 2094 et
734 2030 895 2093 memoria
923 2032 966 2095 de
988 2042 1107 2093 sancto
1135 2029 1351 2092 Marcellino:

142 2117 330 2200 antiphone
344 2118 388 2181 de
402 2119 531 2182 octauis
547 2117 671 2182 Sancte
691 2117 874 2181 Trinitatis.

189 2239 224 2309 (Ι
247 2233 407 2311 Sabbato,
421 2234 464 2298 de
480 2234 627 2297 octauis:
649 2232 829 2297 versiculus
844 2242 878 2297 et
903 2234 1128 2317 Responsoria
1143 2233 1186 2295 de
1204 2235 1352 2296 secundo

144 2331 321 2397 nocturno,
343 2330 377 2383 et
400 2322 561 2384 memoria
591 2320 632 2384 de
662 2321 790 2384 octauis
821 2321 1003 2384 Trinitatis.
1050 2320 1107 2383 Ad
1131 2340 1286 2403 vesperas
1309 2319 1352 2382 de

143 2409 276 2471 octauis
298 2408 471 2471 inchoetur
493 2407 630 2470 historia
644 2407 737 2470 Deus
757 2407 912 2485 omnium,
934 2427 1011 2470 cum
1034 2408 1205 2485 memoria,
1226 2406 1352 2470 scilicet

142 2495 291 2576 Loquere
303 2494 462 2557 Domine:
485 2504 519 2557 et
542 2496 703 2558 memoria
725 2494 768 2557 de
791 2494 918 2559 Sancta
940 2494 1106 2557 Trinitate
1128 2504 1162 2558 et
1185 2496 1353 2577 processio

143 2591 225 2645 ante
240 2584 394 2645 crucem.⁰

323 2700 560 2776 [Dominica
589 2700 697 2784 prima
735 2709 812 2782 post
849 2701 970 2764 festum
1009 2700 1133 2765 Sancte
1171 2701 1354 2778 Trinitatis,

144 2751 220 2820 June
235 2749 289 2821 ¹4]
324 2797 433 2853 totum
471 2788 514 2850 de
550 2788 679 2850 octauis
717 2787 874 2870 Corporis
919 2786 1061 2852 Christi:
1107 2789 1267 2851 memoria
1311 2789 1354 2850 de

146 2873 328 2952 dominica,
365 2884 399 2937 et
437 2874 480 2937 de
522 2875 696 2939 Trinitate.
764 2875 804 2938 In
850 2874 1004 2937 laudibus
1048 2895 1114 2937 vna
1159 2876 1353 2956 antiphona

148 2960 257 3023 Missa
294 2961 504 3024 dominicalis
541 2963 575 3024 in
613 2960 761 3044 capitulo
806 2961 961 3037 dicitur,¹⁰
998 2981 1074 3024 curn
1113 2963 1274 3025 memoria
1310 2963 1353 3023 de

147 3047 322 3111 Trinitate.
370 3049 410 3112 In
433 3068 565 3111 summa
588 3050 690 3112 missa
713 3046 805 3111 nulla
828 3047 890 3111 fit¹¹
914 3050 1083 3112 memoria
1138 3048 1194 3112 Ad
1212 3049 1353 3131 primam

145 3133 295 3198 dicitur¹⁰
308 3135 493 3218 antiphona
513 3135 558 3199 To
571 3136 649 3198 iure.

191 3256 226 3326 (Ι
249 3249 347 3314 Feria
361 3252 401 3314 ii.
426 3251 469 3314 de
496 3251 643 3315 octauis:
666 3251 846 3314 versiculus
871 3260 905 3314 et
930 3251 1157 3334 Responsoria
1181 3252 1224 3315 de
1246 3252 1355 3333 primo

148 3347 323 3415 nocturno,
337 3348 372 3402 et
388 3340 549 3402 memoria
564 3338 607 3401 de
622 3348 738 3402 sancto
754 3337 934 3401 Bonilacio.

191 3455 227 3525 (Ι
249 3450 346 3513 Feria
360 3451 413 3514 iii
429 3452 471 3515 de
486 3452 623 3514 octauis.
669 3451 895 3532 Responsoria
910 3450 954 3514 de
968 3450 1116 3514 secundo
1132 3460 1301 3514 nocturno

192 3574 228 3644 (Ι
251 3571 348 3633 Feria
361 3571 426 3634 iiii.
450 3571 492 3635 de
514 3572 642 3634 octauis
657 3620 664 3634 .
680 3570 860 3634 versiculus
883 3580 917 3634 et
940 3571 1164 3654 Responsoria
1186 3573 1229 3634 de
1252 3572 1355 3634 tercio

152 3668 324 3720 nocturno.
385 3657 442 3720 Ad
474 3678 630 3740 vesperas
668 3658 852 3739 antiphona
883 3656 1047 3734 Sacerdos,
1077 3657 1226 3740 psalmus
1256 3658 1358 3720 Dixit

151 3742 325 3821 Dominus,
341 3753 375 3807 et
389 3746 489 3808 ceteri
505 3745 635 3827 psalmi,
650 3754 687 3808 vt
701 3746 745 3808 ad
761 3745 885 3828 primas
900 3765 1062 3827 vesperas.
1108 3745 1227 3810 Cetera
1242 3745 1355 3808 omnia

183 3988 540 4107 3-a'’Igle’letiiiiiiillnoslilenuiter
551 4056 596 4107 sed
606 4057 639 4108 de
649 4055 763 4108 octauis:
781 3989 1002 4119 87'28p1ennner:
1019 4007 1066 4042 m.
1080 3990 1121 4054 87,
1134 3990 1174 4043 8&

184 4120 196 4150 ⁴
211 4137 256 4170 uu.
270 4120 303 4171 de
313 4122 391 4172 seria:
409 4133 450 4184 97,
462 4136 503 4172 01.
823 4120 834 4151 ⁶
850 4122 877 4173 S.
894 4121 1036 4172 Petronilln.

185 4183 197 4214 ⁸
212 4186 303 4236 dieitur
324 4188 454 4253 sequentia
481 4189 543 4237 Ecce
568 4188 646 4262 panis
673 4188 827 4251 angolomnr,
858 4188 994 4237 secundum
1021 4202 1092 4237 usum
1123 4188 1284 4246 Romanum
1311 4187 1356 4238 sed

152 4251 290 4301 secundum
302 4266 374 4302 usum
385 4252 474 4303 Sarum
487 4269 538 4303 non
549 4252 639 4302 dicitur
649 4252 794 4317 sequentia:
812 4252 888 4301 Brcu.
901 4254 959 4301 Sar.
974 4253 990 4301 i.
1004 4268 1088 4302 mxxx.

186 4313 240 4352 ⁷-⁸
254 4333 302 4368 om.
316 4316 357 4379 87,
371 4317 418 4367 88:
436 4328 462 4368 vt
475 4327 543 4383 putet
554 4334 629 4383 supra
640 4317 665 4367 in
677 4320 702 4366 A
713 4319 810 4382 primoz
827 4329 869 4378 97,
881 4330 921 4366 01.

187 4378 199 4410 ⁹
214 4390 239 4430 et
252 4390 306 4432 tota
316 4392 429 4433 cantetur
440 4384 551 4448 hystoria
561 4384 589 4432 in
599 4383 642 4432 die
659 4382 746 4435 Sancti
757 4382 903 4448 Apolinaris
913 4391 938 4432 et
950 4390 1048 4433 tantum
1064 4382 1185 4432 memoria
1201 4382 1234 4432 de
1250 4392 1338 4433 mmo
1349 4399 1356 4432 z

149 4446 207 4495 adri.
221 4456 269 4509 973
288 4462 389 4497 crucem
401 4458 454 4499 „ota
464 4458 527 4499 cta:
545 4450 601 4499 aad.
612 4461 653 4498 01.

185 4508 206 4541 ¹⁰
220 4512 335 4565 diaron
352 4511 392 4564 88.
827 4510 846 4542 ¹¹
864 4513 907 4562 lit:
924 4529 972 4563 om.
986 4513 1026 4574 87,
1040 4512 1080 4562 88.
