3372 5224
488 468 704 520 sacvnnun
723 469 757 518 n.
796 470 874 519 mn
891 485 920 519 x.
937 470 985 520 vn
1004 471 1057 521 nic.
1074 488 1119 521 xv.
1350 484 1398 536 1³³

238 627 272 699 (I
296 620 474 685 Dominiea
488 620 550 684 iiii.
573 622 837 705 quadragesime,
853 631 962 686 totum
979 623 1022 687 de
1037 624 1214 688 dominica.

196 829 317 894 dicitur
333 829 595 912 Responsorium
611 828 731 892 feriale.

239 953 273 1025 ss
297 948 394 1011 Feria
409 949 458 1010 .vi.
482 948 524 1011 de
546 958 664 1012 sancto
690 949 867 1012 Edwardo.
913 949 969 1013 Ad
993 950 1118 1034 primas
1139 971 1297 1034 vesperas
1310 953 1395 1014 anti·

197 1037 310 1119 phona
338 1034 405 1097 Iste
432 1045 570 1097 sanctus.
626 1035 819 1119 Capitulum
852 1036 973 1099 Beatus
1000 1037 1057 1099 vir
1083 1038 1145 1119 qui
1170 1060 1206 1101 tn
1227 1039 1395 1120 sapientia.

198 1122 461 1206 Responsorium
477 1121 600 1184 Beatus
613 1123 671 1185 vir
681 1123 743 1204 qui
752 1121 877 1204 suffert.

197 1254 299 1309 March
311 1250 367 1323 ια]
397 1246 431 1318 (I
454 1242 633 1305 Dominica
649 1242 681 1305 in
697 1242 854 1325 passione
866 1242 1014 1321 Domini,
1029 1253 1101 1307 tota
1117 1244 1236 1308 dicitur
1251 1245 1395 1308 historia

197 1451 318 1515 dicitur
333 1459 489 1512 octauum
506 1449 767 1532 Responsorium
784 1449 929 1527 historie,
945 1470 1021 1513 cum
1037 1450 1169 1514 duobus
1185 1450 1359 1515 ferialibus

239 1576 273 1648 ss
298 1569 399 1632 Festa
421 1579 612 1632 sanctorum
635 1568 810 1632 Cuthberti
826 1578 860 1633 et
884 1569 1057 1634 Benedicti
1084 1569 1279 1635 differantur
1292 1591 1397 1654 vsque

196 1657 239 1721 ad
256 1657 490 1721 translationes
504 1657 642 1718 eorum.¹

239 1782 273 1854 ss
298 1776 395 1840 Feria
416 1776 476 1853 ,vi.,
490 1775 532 1838 de
555 1774 827 1838 Annunciatione
849 1774 948 1839 beate
971 1775 1077 1839 Marie
1102 1776 1247 1861 virginis,
1262 1777 1397 1842 sestum’

197 1864 307 1927 minus
322 1863 458 1945 duplex.
504 1862 560 1925 Ad
574 1873 729 1944 vtrasque
744 1882 900 1945 vesperas
917 1864 964 1926 et⁸
987 1864 1168 1927 matutinas
1184 1863 1242 1928 fiat
1251 1863 1397 1928 solennis

198 1951 359 2014 memoria
374 1950 417 2013 de
431 1949 562 2013 ieiunio.

199 2082 301 2137 March
313 2078 369 2151 27.]
391 2074 425 2146 11
449 2069 628 2133 Dominica
638 2069 670 2131 in
681 2068 782 2132 ramis
794 2069 993 2146 Palmarum,
1004 2079 1079 2134 tota
1090 2079 1243 2134 cantetur
1251 2071 1397 2134 historia

198 2280 205 2293 ,
231 2197 274 2293 ss
289 2191 395 2292 'Feria
416 2190 466 2267 ji,
490 2199 525 2253 et
542 2189 659 2252 ceteris
682 2188 770 2252 seriis
792 2208 852 2271 per
874 2188 1132 2267 hebdomadam,
1148 2181 1257 2254 totuin
1275 2189 1332 2255 fiat
1354 2192 1397 2255 de

197 2299 328 2342 ieiunio.
1146 2310 1152 2323 ,

240 2405 274 2477 ss
299 2399 395 2463 Feria
410 2397 461 2460 iii.
477 2396 633 2460 dicuntur
649 2395 804 2479 Exequie
815 2396 1025 2460 Mortuorum
1038 2418 1114 2460 cum
1124 2396 1178 2461 ix.
1191 2397 1398 2476 lectionibus,

197 2498 231 2550 et
261 2506 337 2550 cum
361 2485 463 2548 missa
485 2486 518 2548 in
545 2483 697 2546 crastino.
752 2483 919 2566 Deinceps
949 2485 1143 2566 quotidiano
1165 2486 1309 2569 exequie
1331 2506 1398 2549 non

197 2575 353 2639 dicuntur
367 2592 471 2655 vsque
485 2582 562 2654 post
578 2571 670 2633 Deus
683 2571 837 2632 munium.

194 2743 274 2814 April
286 2739 325 2812 3·]
374 2698 408 2768 (I
433 2692 472 2754 ln
488 2690 542 2791 die
553 2690 664 2790 Pasce,
674 2700 708 2753 et
720 2710 779 2772 per
796 2688 1055 2790 hebdomadam,
1074 2700 1183 2754 totum
1203 2693 1246 2755 de
1256 2692 1398 2755 solenni·

374 2788 444 2843 tate
454 2778 548 2841 sesti:
571 2777 652 2839 nthrl
667 2776 710 2840 de
724 2786 842 2839 sancto
857 2777 1010 2841 Ricardo.

241 2904 275 2976 ss
299 2899 437 2962 Festum
453 2897 558 2961 sancti
576 2895 747 2960 Ambrosii
762 2896 934 2960 differatur
947 2917 1052 2979 vsque
1067 2897 1108 2960 ad
1126 2897 1262 2961 terciam
1281 2897 1397 2963 seriam

199 2995 275 3069 post
296 2995 433 3048 octauas
454 2985 565 3048 Pasce.
622 2982 789 3047 Omnibus
810 2984 939 3046 diebus⁴
962 2983 1136 3046 dominicis
1153 2994 1188 3047 et
1209 2983 1301 3048 festis
1320 3005 1397 3049 cum

200 3073 359 3154 regimine
382 3071 482 3148 chori,
499 3070 555 3135 Ad
572 3090 726 3152 vesperas
745 3071 927 3133 matutinas
945 3080 979 3133 et
994 3070 1038 3133 ad
1054 3071 1200 3148 missam,
1215 3070 1274 3135 fiat
1289 3072 1399 3135 solenss

199 3161 250 3222 nis
277 3159 437 3222 memoria
459 3162 502 3221 de
526 3158 770 3234 resurrectione,
795 3176 898 3239 vsque
918 3158 962 3220 ad
982 3157 1131 3239 vigiliam
1153 3157 1399 3224 Ascensionis.

199 3246 379 3323 exclusiue,
400 3246 462 3308 nisi
486 3245 518 3307 in
542 3244 738 3307 Inventione
760 3244 883 3308 Sancte
908 3242 1032 3320 Crucis,
1053 3253 1087 3306 et
1108 3245 1141 3306 in
1160 3245 1318 3321 sabbatis,
1339 3246 1398 3309 Ad

197 3353 361 3416 vesperas.
406 3331 592 3396 Dominicis
612 3331 728 3395 diebus
744 3350 810 3393 non
834 3328 905 3393 fiat⁸
926 3332 1086 3393 memoria
1104 3333 1148 3394 de
1166 3331 1332 3395 dominica
1354 3334 1397 3396 ad

200 3421 349 3484 missam⁰
364 3422 407 3482 de
423 3419 667 3493 resurrectione,
681 3419 750 3480 siue
765 3418 807 3480 de
823 3418 936 3500 aliquo
951 3417 1058 3480 sesto.⁷

199 3591 279 3662 ead
295 3586 348 3659 ια]
374 3544 419 3689 b
432 3536 1400 3690 ἵξῖἓῖῗὲἱῖὃῗὲἷίᾞέῗῖξὲἓοῖῑῗῗὲ883ξέἒὲἐὲ

202 3714 279 3777 Νοη
295 3713 415 3777 dicitur
429 3712 521 3775 Deus
533 3712 595 3794 qui
605 3711 761 3774 hodierna
775 3710 836 3787 die,
850 3711 911 3774 sed
926 3711 1026 3789 Deus,
1039 3712 1100 3793 qui
1111 3722 1175 3794 per
1187 3712 1398 3794 vnzgmitum.

217 3839 276 3984 affl
300 3833 397 3897 Feria
412 3833 452 3897 .ii.
467 3833 511 3895 de
526 3831 616 3894 seria.
663 3828 1046 3913 Responsoria⁸Digrrus
1058 3850 1099 3927 es,
1138 3829 1242 3895 Missa
1258 3832 1400 3896 domini.

198 3942 215 3985 c
251 3942 287 3986 rs.

234 4250 548 4317 ¹iiii.sepe,etxt1ut
837 4245 1258 4310 ’‘''sestum2m87,88.

233 4314 459 4378 'etad287,88.
839 4311 908 4363 ‘die
965 4311 1145 4374 :om.87,88.

233 4381 321 4432 ‘fietz
339 4380 433 4443 87,88.
842 4375 1131 4440 ‘siuetadd87,88:

234 4445 287 4485 ⁶—⁷
303 4445 526 4498 siuemissaiuerit
537 4445 568 4496 de
580 4444 757 4496 resurreetione
768 4443 821 4495 siue
832 4443 864 4494 de
875 4443 960 4509 aliquo
970 4451 1074 4493 saneto:
1090 4453 1133 4504 97,
1144 4455 1186 4494 οι.

234 4512 246 4545 ⁷
261 4513 305 4563 fiat
316 4512 464 4564 seruieium:
481 4513 537 4561 add.
551 4509 593 4573 87,
605 4510 645 4561 88
842 4507 1084 4575 ⁸Responsorium:
1100 4506 1141 4559 88.
