3310 5206
285 464 320 512 4a
606 450 880 501 DIh’ECTORIUM
897 450 1162 501 SACERDOTUM.

332 604 369 687 [b
383 603 429 687 ii]
452 609 487 679 (Ι
511 603 606 666 Feria
628 605 690 667 iiii.
714 605 757 667 de
778 598 904 666 sancto
920 602 1052 678 Basilio,
1071 595 1303 666 Inuitatorium
1319 596 1492 686 simplex.

289 692 331 754 iii.
356 691 516 754 lectiones
540 692 582 753 de
608 692 785 754 communi.
832 690 936 753 Missa
959 691 1021 753 erit
1037 740 1044 753 .
1060 690 1103 752 de
1126 690 1301 767 dominica,
1321 711 1397 753 cum
1421 711 1493 754 me·

289 777 395 841 moria
409 778 452 841 de
470 779 598 840 sancto¹
615 777 739 842 Cedda.
786 776 952 842 Secunde²
967 797 1104 859 vespere
1119 787 1216 841 erunt
1231 779 1274 841 de
1289 778 1493 859 martyribus

289 865 370 928 Vito
400 879 434 929 ct
466 864 631 941 Modesto,
666 864 849 946 antiphone
879 874 912 927 et
942 864 1062 946 psalmi
1097 864 1237 928 feriales.
1297 864 1492 946 Capitulum

292 950 411 1016 Sancti
415 963 478 1052 per
485 951 600 1034 fidem,
615 952 800 1035 antiphona
814 951 881 1014 Isti
892 962 971 1013 sunt
983 953 1098 1029 sancti,
1113 951 1261 1034 psalmus
1277 951 1494 1034 Magmficat'

291 1059 452 1102 memorre
466 1048 633 1102 consuete.

332 1197 367 1268 a
390 1190 486 1254 Feria
501 1212 538 1254 .v.
554 1192 597 1253 de
613 1190 698 1254 festo
713 1202 903 1254 sanctorum
922 1191 992 1254 Viti
1007 1200 1040 1253 et
1059 1191 1211 1254 Modesti.
1259 1191 1492 1255 inuitatorium

290 1278 427 1361 duplex,
457 1289 524 1341 tres
554 1278 722 1353 lectiones,
751 1277 930 1341 versiculus
960 1290 993 1341 et
1019 1278 1245 1360 Responsoria
1274 1279 1317 1341 de
1346 1282 1494 1343 secundo

291 1375 454 1429 nocturno
477 1364 694 1448 plurimorum
719 1375 911 1445 martyrum,
935 1365 1092 1428 memorie
1115 1373 1280 1428 consuete.
1327 1364 1495 1430 Secunde²

291 1472 428 1536 vespere
451 1463 548 1516 erunt
570 1452 613 1515 de
636 1461 752 1515 sancto
776 1452 920 1515 Ricardo
943 1454 1101 1535 episcopo
1128 1463 1161 1514 et
1188 1451 1383 1528 consessore,
1409 1454 1494 1517 anti·

291 1540 404 1622 phona
419 1539 549 1601 lustum
563 1538 706 1609 deduxit,
722 1540 842 1622 psalmi
859 1539 995 1603 feriales,
1041 1538 1234 1620 Capitulum
1247 1539 1326 1601 Ecca
1339 1541 1494 1603 sacerdos.

291 1628 552 1709 Responsorium
565 1625 668 1689 Miles
681 1624 808 1690 Cltn'str'
817 1649 831 1689 .·
852 1628 1012 1689 memoria
1026 1627 1069 1688 de
1081 1627 1295 1708 martyribus⁴
1311 1627 1497 1709 antiphona

294 1714 446 1778 Gaudent
460 1714 494 1776 in
509 1714 590 1776 calr's.

335 1868 491 1945 {Feria
518 1868 567 1931 .vi.
606 1867 648 1930 de
682 1877 799 1930 sancto
827 1868 981 1941 Ricardo,
1011 1869 1055 1931 ix.
1083 1867 1259 1931 lectiones:
1296 1877 1363 1930 tres
1389 1869 1496 1951 prime

293 1957 452 2020 lectiones
487 1975 563 2021 cum
602 1956 670 2017 suis
710 1955 942 2036 Responsoriis
980 1955 1022 2017 de
1060 1955 1169 2037 primo
1200 1965 1362 2018 nocturno
1398 1956 1496 2019 vnius

294 2042 491 2106 confessoris
515 2051 549 2104 et
574 2042 749 2124 pontificis
775 2042 898 2104 mediel
925 2042 1083 2105 lectiones
1108 2041 1150 2105 de
1175 2043 1387 2124 martyribus⁴
1418 2063 1494 2106 cum

294 2129 456 2193 versiculo
479 2139 513 2193 et
537 2129 769 2211 Responsoriis
795 2128 838 2191 de
865 2129 967 2191 tercio
991 2138 1153 2192 nocturno
1176 2127 1393 2211 plurimorum
1411 2151 1498 2194 mar·

295 2227 416 2299 tyrum,
438 2226 472 2280 et
494 2226 561 2279 tres
583 2215 699 2279 vltime
722 2214 881 2278 lectiones
904 2236 979 2278 cum
1003 2216 1071 2278 suis
1089 2217 1321 2299 llesponsoriis
1337 2218 1379 2280 de
1396 2218 1497 2280 tercio

296 2313 458 2367 nocturno
488 2303 584 2365 vnius
609 2301 807 2365 confessoris
834 2313 868 2365 et
895 2301 1070 2387 pontificis.
1126 2301 1319 2384 Capitulum
1347 2303 1499 2368 Benedic-

296 2391 435 2466 trancnr‚⁰
451 2401 484 2452 et
501 2390 660 2452 memoria
676 2390 718 2452 de
734 2388 942 2471 martyribus
989 2389 1156 2454 Secunde²
1179 2410 1314 2472 vespere
1336 2401 1432 2455 erunt
1455 2394 1498 2456 de

295 2487 412 2541 sancta
429 2477 536 2540 Maria
552 2526 558 2539 .
575 2486 609 2540 et
625 2476 784 2540 memoria
799 2477 842 2540 de
857 2487 975 2540 sancto
999 2476 1149 2540 Ricardo.

338 2639 373 2710 a
395 2633 554 2708 Sabbat0,
590 2632 632 2695 de
668 2640 784 2695 sancta
820 2630 936 2693 Maria.
982 2630 1038 2693 Ad
1074 2650 1229 2713 vesperas
1262 2631 1422 2694 memoria
1458 2632 1501 2694 de

299 2721 511 2803 martyribus⁷
538 2730 571 2783 et
598 2722 641 2783 de
665 2719 839 2795 Trinitate,
865 2728 899 2781 ct
922 2719 1090 2800 processio
1116 2717 1181 2782 fiat.
1228 2717 1296 2782 Vbi
1322 2718 1405 2781 frunt
1432 2728 1500 2782 tres

297 2807 641 2880 commemorationes,
675 2807 707 2868 in
742 2806 803 2868 iiii.
838 2805 919 2868 seria
954 2803 1011 2869 fiet
1046 2825 1112 2867 vna
1141 2807 1437 2880 commemorati0,⁸
1466 2816 1501 2868 et

299 2895 458 2959 memoria
480 2904 612 2957 tantum
635 2893 678 2955 de
700 2903 817 2955 sancto
840 2891 985 2955 Basilio:
1008 2901 1042 2954 et
1064 2902 1144 2955 tunc
1169 2893 1270 2956 missa
1293 2891 1502 2956 dominicalis

299 2983 333 3045 in
349 2982 495 3045 secunda
512 2980 591 3043 feria
607 3000 667 3062 pro
682 3000 815 3042 summa
831 2980 932 3042 missa
946 2978 1088 3043 dicitur.⁹

475 3141 510 3211 (Ι
541 3134 719 3198 Dominica
749 3135 789 3197 iii.
821 3134 955 3196 historie
985 3133 1077 3197 Deus
1105 3134 1261 3211 amnium,
1291 3134 1333 3197 de
1363 3133 1503 3197 semicio

477 3222 687 3285 dominicali:
721 3221 828 3284 medie
852 3221 1010 3284 lectiones
1036 3222 1079 3283 de
1106 3222 1307 3302 martyribus
1331 3221 1446 3283 Marco
1469 3229 1504 3284 et

303 3307 528 3386 Marcelliano,
554 3318 688 3372 sextum
718 3309 978 3391 Responsorium
1006 3307 1077 3370 Hac
1100 3317 1149 3370 ast
1178 3329 1255 3370 vera
1275 3307 1504 3388 fraternitas.

300 3393 453 3469 ¹⁰nonum
472 3397 732 3479 Responsorium
749 3395 972 3465 Benedictus.ll
1015 3396 1055 3458 In
1071 3394 1223 3458 laudibus
1233 3415 1300 3458 vna
1309 3394 1503 3476 antiphona,

298 3483 462 3546 memoria
491 3484 534 3547 de
564 3483 774 3565 martyribus,
804 3492 837 3545 et
867 3480 909 3545 de
939 3482 1111 3545 Trinitate.
1172 3480 1338 3546 Secunde²
1367 3501 1505 3564 vespere

302 3579 398 3632 erunt
428 3571 471 3633 de
501 3569 586 3634 sesto
617 3571 688 3645 loci,
720 3580 754 3633 et
785 3569 945 3632 memoria
975 3571 1017 3632 de
1048 3568 1248 3651 martyribus
1279 3568 1440 3632 Gemasio
1471 3578 1505 3631 et

305 3657 488 3735 Prothasio,
503 3669 537 3721 et
552 3658 595 3720 de
610 3657 786 3721 dominica.

300 3188 373 3256 lune
389 3181 441 3255 ra]

336 4051 345 4083 ¹
364 4051 456 4102 Basilio
459 4052 507 4116 sor
516 4051 620 4102 Cedda:
638 4062 678 4114 97,
691 4064 732 4111 01,
745 4050 785 4101 08.
923 4048 935 4080 ⁹
951 4050 1082 4100 Secunde:
1099 4066 1145 4099 om.
1161 4048 1202 4112 87,
1215 4047 1255 4099 88.

299 4159 305 4169 .
337 4117 465 4168 ³aaima:
488 4119 544 4166 aad.
566 4116 606 4166 08.
651 4116 712 4181 Cap.
727 4116 817 4166 Sancti
829 4123 878 4180 per
888 4115 977 4181 fidam,
991 4117 1066 4165 Brea.
1081 4117 1137 4165 Sar.
1150 4114 1175 4165 ii.
1198 4113 1254 4175 408.
1290 4115 1350 4163 Ant.
1373 4114 1423 4162 Isti
1434 4120 1504 4173 sunt,

304 4182 636 4299 ¹¹·⁴³⁹s⁶stllt{¹a⁹1lh..
1145 4311 1151 4321 ‚
1406 4308 1421 4318 ⁸,

300 4356 304 4363 .
337 4313 348 4343 ⁶
364 4314 398 4363 iii.
413 4312 511 4362 medie:
529 4312 570 4374 87,
583 4311 623 4361 88.
914 4309 926 4340 ⁶
942 4311 1004 4375 Cap.
1020 4311 1228 4370 Benedictronam,
1241 4310 1317 4358 Bran.
1332 4311 1389 4358 Sar.
1405 4321 1503 4370 1a420.

336 4378 347 4410 7
363 4378 409 4429 SS.
425 4379 512 4427 Marco
523 4387 548 4427 et
561 4377 731 4427 Marcelliano.
918 4374 929 4406 ⁸
945 4375 1167 4426 commemoratio:
1184 4392 1231 4426 am.
1245 4374 1286 4436 87,
1298 4373 1338 4424 88.

337 4443 349 4475 ⁹
364 4444 459 4494 dicetur
470 4459 516 4508 pro
526 4459 623 4493 summa
634 4442 709 4491 missa
719 4460 726 4493 r
744 4440 785 4503 87,
798 4439 838 4491 88.

338 4507 410 4559 ¹⁰·-.¹¹
427 4525 473 4558 aar.
487 4518 529 4570 97,
541 4520 583 4568 οι,
595 4506 628 4557 08
640 4508 725 4567 (Brev.
739 4509 798 4556 Sar.
812 4506 828 4556 i.
842 4505 939 4566 mxlix).
