3372 5224
269 420 315 471 116
582 421 859 473 DIRECTORIUM
875 420 1142 473 SACERDOTUM.

267 575 559 639 commemoratio:
598 586 632 640 et
669 585 750 640 tunc
786 575 820 639 in
850 574 901 639 .vi.
931 574 1012 638 feria
1042 575 1198 638 dicuntur
1227 570 1407 635 versiculus
1436 577 1470 634 et

270 661 495 744 Responsoria
510 661 553 726 de
568 664 716 727 secundo
730 672 900 740 nocturn0,
917 681 992 726 curn
1010 660 1236 744 Responsorio
1252 658 1364 722 ieriali.

444 789 480 860 Π
502 784 680 848 Dominica
695 784 747 847 iii.
767 784 946 848 Aduentus
971 782 1118 846 Domini.
1164 782 1219 845 Ad
1248 781 1373 863 primas
1398 799 1471 843 ves-

446 890 542 953 peras
559 870 820 954 Responsorium
847 871 916 950 Qui
939 880 1095 934 uncturus
1108 879 1162 932 est.
1208 867 1265 930 Ad
1289 867 1471 930 matutinas

269 961 341 1103 {lota
363 966 515 1104 edantetur
529 958 674 1022 historia
719 959 766 1023 Et
781 958 872 1022 nulla
886 957 945 1023 fiat
960 955 1235 1021 commemoratio
1255 956 1289 1017 in
1310 955 1374 1017 hac
1390 953 1471 1017 heb·

294 1060 372 1105 oma
396 1063 424 1106 a.

271 832 340 887 Dec.
357 830 410 903 17.]

312 1159 465 1234 GIFeria
495 1160 534 1224 .ii.
565 1160 609 1225 de
638 1161 734 1225 seriis.
795 1160 1057 1244 Responsorium
1089 1161 1132 1223 de
1162 1159 1270 1242 primo
1300 1167 1470 1221 nocturno.

274 1243 378 1308 Missa
394 1245 611 1312 dominicalis.

313 1370 347 1440 Π
371 1367 468 1430 Feria
482 1368 532 1432 iii.
548 1371 590 1433 de
615 1368 711 1432 seriis.
756 1369 1033 1451 Responsoriuml
1060 1369 1103 1432 de
1128 1366 1277 1430 secundo
1302 1372 1472 1430 nocturno.

272 1451 388 1515 Missa²
406 1453 508 1518 Salus
517 1457 633 1538 populi
644 1476 700 1538 ego
714 1476 788 1519 sum
804 1465 839 1519 et
853 1464 971 1519 cetera
1255 1480 1257 1484 ·

313 1574 557 1648 {1³Feriaiiii.
581 1577 624 1640 de
647 1575 743 1640 seriis.
790 1574 1065 1658 Responsorium⁴
1092 1575 1135 1638 de
1158 1573 1261 1638 tercio
1287 1585 1466 1640 nocturno.
1539 1626 1541 1630 ,

270 1668 305 1722 et
342 1659 455 1724 nichil³
485 1663 528 1726 de
559 1663 682 1747 vigilia,
714 1663 776 1727 nisi
813 1671 945 1727 tantum
984 1661 1153 1738 memoria,
1184 1659 1227 1724 ad
1259 1662 1395 1726 missam
1425 1661 1469 1725 dc

272 1766 402 1811 ieiunio.

314 1873 349 1944 Π
372 1868 470 1932 Feria
485 1891 522 1933 .v.
534 1870 577 1932 de
592 1880 709 1935 sancto
723 1869 858 1933 Thoma
872 1867 1047 1952 apostolo,l
1064 1867 1204 1932 Inferius
1220 1867 1356 1951 duplex.

314 2006 349 2077 (Ι
372 1990 469 2054 Feria
484 1992 533 2054 .vi.
549 1991 592 2054 de
607 1991 716 2056 feriis:
738 1991 919 2055 versiculus
934 1990 978 2054 de
993 1990 1101 2073 primo
1116 1997 1287 2054 nocturno.

315 2116 351 2187 Π
374 2109 531 2186 Sabbato,
547 2112 728 2176 versiculus
743 2113 786 2176 de
801 2111 950 2176 secundo
966 2120 1137 2181 nocturno.

448 2237 483 2308 Π
506 2232 685 2297 Dominica
717 2233 779 2296 iiii.
817 2232 996 2296 Aduentus
1034 2231 1181 2308 Domini,
1217 2239 1290 2295 tota
1325 2240 1480 2295 cantetur

449 2318 586 2382 historia
609 2340 712 2402 vsque
736 2320 778 2383 ad
802 2318 998 2382 versiculum
1022 2318 1114 2381 tercii
1138 2319 1300 2382 nocturni.
1345 2319 1478 2383 Deinde

274 2410 383 2465 totum
411 2405 453 2468 de
479 2405 614 2488 vigilia,⁶
643 2407 874 2470 inuitatorium
905 2405 1013 2470 Hodie
1041 2406 1155 2468 scietis.
1208 2406 1266 2468 Ad
1294 2407 1476 2470 matutinas

275 2491 436 2555 memoria
450 2493 493 2555 de
508 2492 683 2571 dominica,
698 2514 774 2556 cum
791 2494 892 2556 missa
907 2494 939 2556 in
952 2492 1108 2574 capitulo.

275 2281 345 2335 Dec.
358 2278 413 2352 ²4]

318 2616 352 2686 Π
376 2611 472 2675 Feria
487 2613 586 2676 .ii.'de
603 2614 788 2678 Natiuitate
805 2613 950 2687 Domini,
963 2611 1085 2675 festum
1102 2612 1305 2697 principale!

317 2737 352 2808 Π
375 2732 472 2796 Feria
487 2732 538 2797 iii.
555 2733 597 2797 de
608 2743 725 2797 sancto
740 2733 924 2818 Stephano,
939 2732 1048 2796 minus
1064 2732 1201 2816 duplex.

319 2981 353 3052 Π
377 2974 473 3037 Feria
488 2996 525 3038 .v.
541 2975 584 3038 de
602 2975 847 3051 innocentibus
865 2975 975 3038 minus
991 2975 1127 3058 duplex.

320 3100 354 3171 Π
378 3093 474 3156 Feria
489 3094 537 3158 .vi.
553 3095 597 3158 de
611 3104 730 3159 sancto
744 3095 887 3171 Thoma,
903 3095 1012 3158 minus
1028 3094 1164 3178 duplex.

321 3221 357 3292 Π
378 3213 537 3292 Sabbato,
552 3215 677 3279 scilicet
692 3226 791 3280 sexta
806 3214 861 3280 die
875 3236 895 3279 a
916 3216 1102 3280 Natiuitate
1118 3215 1264 3292 Domini,
1281 3218 1324 3281 de
1339 3219 1480 3284 seruicio

278 3311 415 3366 octaue:
437 3312 505 3365 tres
520 3302 678 3366 lectiones
700 3322 776 3366 cum
799 3302 960 3385 regimine
982 3302 1092 3366 chori:
1114 3304 1275 3367 memoria
1298 3306 1341 3369 de
1363 3317 1482 3371 sancto

280 3389 464 3473 Stephano,
478 3397 513 3452 et
527 3390 570 3453 de
584 3390 701 3454 ceteris
717 3391 848 3454 sanctis.

455 3515 490 3586 Π
513 3510 690 3574 Dominica
706 3509 790 3574 inira
801 3510 1139 3587 octauas,⁰desancto
1155 3509 1317 3576 Siluestro
1331 3536 1338 3576 :
1354 3523 1388 3578 et
1398 3512 1481 3579 fiant

282 3561 353 3617 Des*
366 3557 421 3631 ³¹]
458 3597 567 3661 medie
581 3597 738 3661 lectiones
754 3597 796 3660 de
813 3597 1005 3662 Natiuitate.

281 3729 343 3798 Jan.
359 3725 394 3798 1.]
458 3723 493 3794 Π
516 3718 612 3781 Feria
627 3717 665 3780 .i1·.
681 3717 724 3780 de
740 3716 1007 3797 Circumcisione‚
1021 3719 1092 3782 sine
1107 3716 1219 3801 aliqua
1235 3720 1401 3784 memoria

324 3845 359 3916 Π
382 3839 479 3902 Feria
494 3839 544 3902 iii.
561 3839 602 3902 de
618 3850 738 3902 octaua
753 3837 859 3903 sancti
876 3837 1048 3921 Stephani,
1063 3858 1138 3902 cum
1155 3839 1315 3922 regimine
1329 3841 1429 3907 chori.

315 4132 325 4164 ¹
343 4135 393 4183 Res
427 4132 529 4183 nsoria:
546 4131 586 4182 88.
993 4131 1005 4162 ⁴²
1021 4131 1195 4185 dominicalis:
1212 4136 1268 4184 add.
1282 4135 1323 4186 08.

301 4196 368 4275 ‘³7³
407 4199 458 4249 cria
469 4198 512 4248 iiii
526 4198 558 4248 de
569 4196 644 4258 seriis,
657 4196 791 4248 versiculus
806 4197 839 4246 de
855 4197 965 4247 secundo
983 4208 1105 4248 nocturno
1121 4207 1146 4249 et
1158 4200 1326 4264 Responsoria
1341 4201 1442 4267 propria
1457 4211 1483 4254 et

282 4263 592 4393 mchlvlgrspgfilpslsslm
601 4328 633 4442 οζ
638 4326 832 4393 Responsorium
842 4344 850 4377 ε
867 4326 907 4388 87,
921 4326 960 4376 88.

316 4392 327 4424 ⁶
342 4395 475 4459 apostolo:
492 4411 538 4443 om.
553 4392 594 4454 87,
624 4392 646 4443 8.
989 4390 1000 4422 ⁶
1017 4393 1163 4444 Natiuitatis
1175 4395 1285 4446 Domini.

317 4458 328 4491 ⁷
345 4460 384 4509 De
396 4459 570 4509 terminatione
581 4457 709 4510 Orationis
720 4457 746 4507 in
756 4455 817 4508 Nat.
832 4456 946 4519 Domini,
958 4457 1016 4509 vide
1030 4458 1105 4509 Crede
1116 4460 1208 4522 Micki,
1220 4464 1234 4521 ὅ
1253 4460 1308 4526 185,
1321 4478 1346 4527 p.
1361 4474 1399 4524 79.
