3310 5206
536 425 697 476 PRIMUM
714 427 750 476 A.
767 427 822 475 ani.
840 426 901 476 xu's'.
919 443 944 476 v.
964 428 997 478 ii.
1340 437 1373 490 39

177 597 414 665 l'hnrs„May4,
444 586 479 656 (Ι
503 579 600 642 Feria
615 602 653 642 .v.
680 581 724 643 de
748 579 957 643 Ascensione
979 578 1129 657 Domini,
1144 578 1267 642 festum
1281 579 1374 662 prin·¹

165 667 326 722 Αδῦῑῦδῑθῦ
336 663 423 736 Dap]
444 667 560 750 cipale,
576 676 611 730 et
627 665 709 730 fiant
724 677 844 730 octaue
860 686 936 729 cum
953 667 1113 749 regimine
1128 665 1228 730 chori

209 786 244 856 (Ι
267 781 365 843 Feria
379 782 429 843 .vi,
444 780 488 842 de
503 778 611 842 officio
622 789 826 853 octauamm,
839 777 1022 861 antiphone
1036 789 1070 841 et
1086 778 1313 860 Responsoria
1326 778 1369 840 de

162 870 214 931 ‚vi
227 867 317 931 feria

208 985 243 1055 (Ι
266 978 427 1054 Sabbato,
436 978 478 1040 de
488 986 605 1040 sancto
623 977 773 1041 Iohanne
788 977 951 1059 apostolo.
992 977 1225 1040 Inuitatorium
1237 975 1369 1058 triplex.

165 1067 223 1130 Ad
255 1067 378 1148 primas
408 1084 563 1146 vesperas
593 1064 777 1147 antiphona
804 1064 887 1127 Lux
909 1073 1065 1146 perpetua
1091 1065 1209 1127 minor¹
1225 1112 1232 1126 .
1249 1062 1368 1145 psalmi

163 1153 303 1216 feriales.
348 1152 542 1234 Capitulum
568 1151 638 1230 Qui
661 1152 755 1215 timet
775 1150 892 1213 Deum.
938 1151 1199 1233 Responsorium
1226 1148 1373 1214 Candidi

159 1241 248 1316 sacti
258 1236 349 1302 sunt*
363 1239 548 1320 antiphona
562 1257 662 1321 super
683 1237 892 1321 Magnificat,
905 1237 948 1300 In
961 1238 1130 1317 sementis
1141 1287 1148 1299 .
1159 1246 1194 1300 et
1210 1236 1370 1299 memoria

163 1328 208 1389 de
244 1326 459 1390 Ascensione.
518 1325 575 1388 Ad
618 1326 801 1389 matutinas
838 1325 994 1387 dicuntur
1030 1324 1149 1406 psalmi
1187 1323 1229 1386 de
1266 1324 1369 1386 tercio

165 1424 329 1477 nocturno
365 1414 462 1476 vnius
484 1411 636 1495 apostoli,
666 1422 700 1474 et
734 1413 871 1474 tercium
904 1412 1166 1493 Responsorium
1197 1410 1370 1474 aduobus

165 1498 339 1564 cantetur.⁸
401 1500 495 1562 Ante
535 1498 650 1561 laudes
687 1499 866 1563 versiculus
911 1498 1011 1562 Valde
1046 1496 1261 1560 honorandus.
1328 1496 1370 1559 In

165 1588 321 1652 laudibus
343 1596 378 1650 et
400 1586 442 1649 ad
466 1585 549 1650 alias
572 1587 671 1649 horas
694 1587 848 1648 dicuntur
870 1585 1015 1668 capitula
1037 1586 1123 1647 sicut
1146 1586 1179 1647 in
1202 1584 1268 1646 alio
1283 1583 1369 1647 sesto

165 1675 211 1757 [a.
240 1675 321 1757 viii].
366 1673 476 1755 Super
496 1673 691 1735 Benedictus
719 1672 904 1754 antiphona
929 1671 1071 1753 Propter
1098 1670 1370 1752 insuperabilem.

166 1764 328 1826 memoria
344 1760 386 1822 de
402 1761 618 1823 Ascensione.
663 1760 720 1822 Ad
745 1761 880 1822 missam
904 1759 1024 1821 dicitur
1041 1757 1150 1833 Credo,
1171 1769 1206 1822 et
1229 1755 1370 1840 prelatio

165 1849 210 1912 de
236 1847 419 1931 apostolis.⁴
471 1846 627 1912 Secunde
652 1866 789 1930 vespere
815 1855 912 1909 erunt
937 1846 979 1908 de
1006 1855 1123 1908 sancto
1151 1844 1301 1907 Iohanne
1326 1844 1370 1906 de

168 1935 359 2011 Beuerlaco,
391 1954 466 1996 cum
501 1934 662 2017 regimine
696 1934 797 1995 chori.
857 1932 1054 2015 Antiphona
1084 1951 1183 2014 super
1213 1931 1370 2014 psalmos,

166 2022 246 2085 Lux
257 2032 415 2104 perpetua
438 2021 568 2083 minor.
586 2020 705 2102 psalmi
729 2020 868 2083 feriales.
913 2017 1105 2101 Capitulum
1122 2019 1203 2081 Ecce
1216 2017 1370 2081 sacerdos.

167 2109 434 2192 Responsorium
458 2107 545 2170 Filio
558 2107 747 2183 Ierusalem,
764 2107 925 2170 memoria
941 2107 983 2169 de
999 2105 1162 2188 apostolo,
1184 2104 1370 2187 antiphona

169 2195 321 2261 Occurrit
354 2196 465 2258 beato.
481 2194 661 2257 versiculus
698 2192 842 2257 Gaudete
874 2194 958 2256 iusti
989 2194 1024 2256 iu
1058 2193 1214 2255 Domino⁵
1248 2191 1370 2254 deinde

168 2284 332 2346 memoria
353 2283 396 2345 de
419 2282 647 2345 Ascensione:
668 2281 728 2344 sed
751 2281 843 2343 nulla
866 2280 923 2343 fiet
944 2281 1105 2342 memoria
1128 2279 1170 2342 de
1191 2278 1369 2353 dominica,

164 2390 277 2452 neque
292 2370 458 2453 processio
473 2378 551 2431 ante
566 2388 705 2432 crucem.

345 2494 379 2564 (l
401 2489 582 2552 Dominica
619 2489 704 2551 inira
732 2496 869 2551 octauas
898 2485 1139 2563 Ascensionis,⁶
1176 2486 1218 2548 de
1254 2494 1371 2548 sancto

168 2537 293 2610 Man]
348 2576 499 2640 Iohanne
525 2578 568 2639 de
595 2574 776 2638 Beuerlaco
792 2624 798 2637 .
815 2574 935 2656 psalmi
961 2575 1004 2637 de
1029 2574 1062 2636 iii
1088 2582 1251 2636 nocturno
1273 2572 1369 2634 vuius

165 2660 366 2725 confessoris
392 2672 426 2725 et
449 2662 616 2745 pontificis
642 2710 650 2724 .
676 2662 847 2724 ¹lectiones
873 2660 915 2723 de
940 2661 1109 2723 communi
1140 2708 1148 2722 .
1178 2658 1372 2722 Hominibus

164 2751 285 2811 sermo⁸
299 2798 308 2812 .
323 2750 462 2812 tercium
476 2749 738 2830 Responsorium
753 2757 906 2811 cantetur
919 2747 964 2811 ab
978 2748 1065 2810 vno.¹
1111 2747 1151 2809 In
1167 2744 1321 2809 laudibus
1335 2753 1370 2808 et

166 2836 210 2898 ad
243 2837 286 2898 iii.
317 2837 500 2919 capitulum
538 2836 618 2898 Ecce
653 2834 801 2898 sacerdos
829 2845 863 2897 et
901 2836 1062 2897 memoria
1098 2834 1141 2896 de
1178 2833 1369 2895 dominica.

166 2922 290 2985 deinde
319 2924 362 2986 de
388 2924 596 2986 Ascensione
618 2972 626 2985 .
649 2923 707 2985 Ad
732 2922 774 2984 vi.
810 2922 992 3005 capitulum
1016 2920 1272 2983 Benedicttonem
1287 2967 1295 2981 .
1310 2917 1369 2982 Ad

167 3012 215 3085 ix,
268 3011 450 3093 capitulum
499 3009 655 3090 Cognouit
684 3058 692 3071 .
724 3009 829 3072 Missa
883 3006 1093 3072 dominicalis
1144 3008 1178 3069 in
1222 3005 1370 3089 capitulo

166 3097 307 3175 dicatur,
336 3116 413 3159 cum
442 3097 576 3159 alleluia
605 3096 785 3159 versiculus
810 3095 1006 3176 Regnabit.
1036 3095 1076 3156 In
1106 3113 1238 3157 summa
1268 3093 1370 3155 missa

166 3184 289 3246 dicitur
303 3184 437 3246 alleluia
451 3183 629 3247 versiculus
645 3182 723 3245 Non
738 3182 920 3264 relinquam
935 3231 943 3245 .
960 3180 1115 3246 Secunde
1124 3200 1259 3262 vespere
1274 3188 1371 3259 erunt

168 3271 212 3334 de
227 3270 313 3333 sesto
328 3294 336 3332 ε
351 3271 535 3353 antiphona
559 3269 679 3334 Sancti
691 3270 765 3333 tui.
780 3268 901 3352 psalmi
917 3268 1134 3331 dominicales
1152 3291 1159 3329 ε
1176 3266 1368 3349 Capitulum

166 3357 248 3422 Ecce
260 3358 413 3431 sacerdos,
430 3357 591 3420 memoria
606 3357 650 3420 de
664 3357 841 3433 dominica,
856 3365 890 3418 et
905 3356 948 3418 de
964 3356 1180 3418 Ascensione.

210 3485 245 3556 a
268 3480 366 3542 Feria
380 3479 430 3554 ii,
444 3480 488 3542 de
509 3478 650 3541 seruicio
672 3486 867 3541 octauarum
883 3526 891 3540 .
907 3475 1100 3558 antiphone,
1122 3474 1252 3558 psalmi,
1267 3473 1371 3536 versi·

168 3567 262 3630 culus
278 3578 312 3630 et
328 3567 554 3648 Responsoria
568 3566 612 3628 de
626 3565 676 3627 .vi.
693 3563 781 3641 seria,
796 3574 830 3626 et
845 3567 1007 3627 memoria
1023 3563 1065 3625 de
1080 3560 1304 3643 martyribus¹

211 3692 245 3762 (l
267 3687 365 3749 Feria
380 3687 432 3749 ,iii
448 3695 482 3748 et
498 3681 587 3748 ,iiii.¹⁰
598 3686 641 3749 de
653 3684 794 3747 seruicio
804 3694 999 3747 octauarum
1018 3680 1224 3765 :antiphone
1239 3678 1371 3761 psalmi,

167 3773 356 3845 versiculus,
362 3783 396 3836 et
407 3773 632 3854 Responsoria
642 3772 685 3834 de
694 3769 886 3834 sabbatolet
897 3770 1058 3834 memoria
1066 3770 1110 3832 de
1120 3765 1371 3850 ¹1martyribus.¹

211 3900 245 3970 (1
268 3893 366 3956 Feria
391 3915 439 3966 .v.,
465 3891 508 3954 de
531 3892 672 3954 seruicio
698 3892 926 3967 octauarum,¹²
955 3889 1190 3953 Inuitatorium
1221 3886 1370 3969 triplex:

170 3980 348 4044 Lectiones
363 3990 398 4043 et
414 3980 639 4061 Responsoria
655 3979 741 4041 sicut
757 3979 790 4040 in
805 3979 915 4061 prima
929 3978 1006 4040 die.
1024 3977 1063 4039 ln
1080 3975 1235 4038 laudibus
1250 3992 1370 4036 omnes

199 4146 210 4179 ¹
228 4149 284 4199 Lux
294 4149 436 4213 perlpetua]
447 4148 511 4213 intr
522 4147 580 4212 (sor
588 4146 689 4208 minor),
701 4144 742 4195 08.
835 4143 847 4175 ¹
864 4146 896 4196 R.
909 4144 1009 4195 candidi
1021 4143 1079 4193 lacti
1090 4151 1164 4193 mut:
1179 4159 1227 4191 om,
1240 4138 1282 4202 87,
1294 4139 1335 4191 88.

200 4212 211 4243 ²
227 4224 253 4263 et
263 4215 367 4264 tercium
381 4215 412 4263 R
425 4231 442 4263 a
451 4214 550 4264 duobus
560 4221 689 4263 cantetur:
707 4228 755 4261 om.
768 4210 809 4272 87,
823 4209 862 4260 88.
972 4207 983 4239 ⁴
999 4209 1031 4259 de
1042 4224 1109 4272 apo:
1125 4207 1167 4257 08.

200 4277 559 4341 vv
832 4272 1369 4391 nimo.

185 4407 212 4455 κ’
227 4355 456 4461 55Ἕοῐέἷωοᾘ
467 4409 618 4524 {pimacho
828 4404 849 4436 ¹⁰
864 4405 891 4455 ii.
904 4421 930 4470 p.
943 4418 1003 4466 412,
1014 4414 1041 4454 et
1051 4404 1097 4453 iiii.
1109 4420 1157 4453 orn.
1171 4373 1212 4463 87„
1223 4401 1264 4450 88.
1289 4372 1296 4385 ¹

201 4473 221 4505 ¹¹
238 4475 286 4527 SS.
299 4475 465 4526 Gordianoet
500 4474 625 4540 pimncho.
720 4470 742 4503 ¹²
756 4480 821 4522 acta.
834 4472 886 4533 (ie.
898 4467 1097 4531 octauamm)†:
1113 4481 1155 4519 οι.
1190 4476 1241 4523 oct
1252 4482 1315 4517 corr.
1328 4463 1370 4517 08.
