3310 5206
546 416 708 467 PRIMUM
724 418 758 467 A.
775 417 830 467 xm'.
849 418 909 467 xiii.
929 434 953 468 u.
974 419 1004 468 ii.
1349 430 1380 484 35

173 661 246 736 mei,
284 659 376 722 Deus
411 655 578 739 quont'om¹
615 656 797 720 versiculus
846 657 1015 721 Surrexit¹
1066 659 1231 722 Dominus
1277 680 1378 723 uere.

174 747 438 830 Responsorium
464 745 599 827 Dignus
620 765 696 808 cum
723 743 855 807 duobus
884 746 1124 827 sequentibus;
1147 746 1307 810 memoria
1335 747 1378 811 de

169 829 422 898 resurrectione³
437 832 480 895 de
494 841 610 895 sancta
626 831 734 894 Maria
748 840 782 895 et
796 832 839 894 de
856 830 1023 896 Omnibus
1039 832 1184 897 Sanctis⁴

217 961 251 1031 (Ι
274 954 302 1016 F
303 953 371 1016 eria
381 953 434 1016 ιι.ὅ
448 952 490 1015 de
501 951 772 1015 Annunciatione
784 952 880 1016 beate
892 953 1007 1029 Marie,
1016 962 1050 1016 et
1061 952 1207 1016 solennis
1218 954 1378 1017 memoria

173 1042 217 1104 de
232 1040 478 1104 resurrectione

217 1160 252 1230 (Ι
275 1153 372 1215 Feria
386 1152 437 1214 ‚vi.
454 1152 496 1214 de
512 1150 598 1213 festo
614 1149 676 1212 loci
692 1158 726 1213 et
743 1150 902 1213 memoria
918 1150 961 1214 de
976 1151 1222 1215 resurrectione.

217 1273 251 1342 (Ι
275 1264 426 1329 Sabbato
455 1264 498 1327 de
527 1272 645 1325 sancta
676 1262 785 1325 Maria
810 1274 845 1325 et
869 1264 1030 1326 memoria
1059 1264 1102 1326 de
1132 1264 1376 1327 resurrectione.

173 1354 241 1415 Vbi
257 1352 342 1414 fiunt
357 1361 423 1414 tres
446 1350 781 1413 commemorationes
797 1351 829 1412 in
846 1351 909 1413 iiii.
925 1350 1006 1413 seria
1029 1349 1086 1413 fiet
1108 1370 1174 1413 vna
1196 1371 1377 1414 commem-

173 1440 290 1516 oratio,
305 1448 340 1502 et
354 1448 434 1501 tunc
452 1438 552 1499 missa
567 1436 776 1500 dominicalis
792 1437 825 1500 in
841 1438 881 1499 .ii.
897 1437 977 1500 feria
992 1446 1144 1501 cantetur
1159 1438 1192 1500 in
1208 1438 1363 1521 capitulc.

350 1556 384 1626 (Ι
406 1548 587 1612 Dominica
615 1547 655 1610 ii.
686 1557 763 1631 post
795 1547 898 1611 Pasca
928 1549 971 1611 de
1007 1549 1147 1612 seruicia
1177 1550 1376 1624 dominicali,

349 1635 566 1719 ‘Capitulum
613 1633 764 1699 Clmstus
814 1638 1003 1718 resurgens.l
1084 1636 1142 1699 Ad
1195 1638 1377 1700 matutinas

177 1725 409 1788 lnuitatorium
451 1732 486 1786 et
528 1722 697 1803 Hymnus
737 1722 823 1785 sicut
863 1722 896 1784 in
942 1723 1109 1786 dominica
1150 1723 1375 1805 precedenti.

172 1811 368 1894 antiphona,
394 1810 589 1872 Resurrexit
609 1808 775 1872 Dominus
795 1858 802 1871 .
825 1809 1004 1873 versiculus
1032 1808 1189 1873 Surrexit
1213 1811 1378 1874 Dominus

171 1919 246 1961 uere
291 1897 552 1980 Responsorium
576 1946 583 1958 .
606 1895 740 1977 Dignus
762 1898 807 1958 es⁸
852 1897 1128 1978 Responsorium⁹
1149 1945 1157 1960 .
1177 1897 1250 1979 Ego
1285 1898 1376 1961 sz'cut.

175 1986 438 2068 Responsorium
462 1981 627 2047 ¹⁰tercium
651 1993 803 2046 cantetur
826 2004 847 2045 a
869 1982 1027 2047 duobus¹⁰
1049 2034 1056 2047 .
1080 1984 1172 2047 Dum
1196 1985 1375 2049 transisset.

174 2074 215 2136 ln
243 2072 397 2135 laudibus
412 2120 420 2133 .
435 2090 502 2133 vna
525 2070 739 2151 antiphona.
763 2070 923 2133 memoria
946 2071 988 2134 de
1014 2071 1251 2134 resurrectione
1266 2120 1273 2134 .
1290 2072 1376 2134 anti-

172 2159 320 2243 phona¹¹
364 2159 413 2221 Et
434 2156 530 2221 valde
544 2207 552 2220 .
568 2156 755 2220 versiculus.
810 2157 965 2220 Surrexit
987 2157 1151 2221 Dominus
1179 2179 1275 2233 vere,·
1299 2179 1372 2222 cum

173 2248 277 2310 missa
292 2247 334 2310 de
350 2245 587 2309 resurrectione
603 2294 610 2307 .
627 2243 684 2307 Ad
699 2243 863 2307 secundas
885 2265 1041 2327 vesperas
1065 2245 1123 2309 fiat
1146 2247 1306 2309 memoria
1333 2248 1374 2310 de

172 2332 436 2409 resurrectione;
467 2331 659 2415 antiphona.
704 2331 753 2393 Et
777 2332 974 2412 respicientes
995 2332 1198 2396 .versiculus
1220 2380 1228 2397 .
1252 2332 1373 2396 Resur-

169 2422 257 2484 rexit
270 2420 435 2484 Dominus
448 2439 528 2481 vere.

216 2539 251 2609 (Ι
275 2533 371 2596 Feria
393 2532 433 2594 .ii.
457 2530 600 2613 psalmi.
618 2527 806 2593 ¹¹Dominus
835 2530 1043 2609 illuminatio,
1071 2531 1134 2594 Ad
1159 2540 1189 2594 te
1225 2531 1374 2609 Domine,

171 2616 326 2701 Affirte¹²
352 2668 360 2682 .
386 2617 565 2682 versiculus
592 2668 598 2680 .
624 2618 817 2679 Resurrexit
853 2616 1048 2680 Dominus.
1079 2618 1372 2700 Responsorium.

170 2708 306 2789 Dignus
316 2727 350 2769 es
363 2755 371 2769 .
386 2726 462 2768 cum
475 2704 607 2768 duobus
619 2704 844 2786 sequentibus,
857 2706 1016 2767 memoria
1028 2705 1071 2767 de
1085 2725 1190 2780 cruce,
1203 2707 1246 2769 de
1258 2716 1373 2769 sancta

173 2796 292 2867 Maria,
307 2792 399 2856 etde
416 2791 582 2857 Omnibus
607 2790 749 2866 Sanctis,
764 2811 840 2854 cum
865 2792 964 2853 missa
987 2793 1201 2856 dominicali.
1219 2793 1374 2857 Secunde

173 1599 291 1674 Auru]

171 2901 311 2964 vespere
326 2888 424 2943 erunt
449 2880 492 2942 de
508 2878 589 2940 scria
614 2925 622 2940 .
639 2878 824 2959 antiphona
853 2877 1002 2942 Alleluia
1017 2879 1074 2940 iii.
1091 2880 1210 2962 psalmi
1236 2879 1372 2942 feriales.

172 2968 377 3050 Capitulum,
406 2965 557 3031 Christus
570 2964 717 3045 passus¹⁸
732 3014 740 3027 .
758 2965 925 3046 Hymnus,
947 2965 1011 3027 Ad
1034 2986 1144 3028 cenam
1160 3016 1167 3029 .
1183 2967 1371 3042 versiculus,

172 3056 279 3118 Mane
308 3054 423 3116 nabis¹⁴
438 3102 445 3116 .
460 3051 654 3134 antiphona,
683 3052 808 3114 Pastor
837 3052 944 3115 bontas.
991 3051 1110 3116 Oratio
1133 3053 1371 3117 dominicalis.

173 3142 332 3205 memorie
348 3150 514 3203 consuete.

213 3260 247 3330 (Ι
271 3252 368 3316 Feria
382 3251 434 3314 iii.
449 3252 492 3314 de
508 3250 587 3314 seria
603 3250 721 3331 psalmi
737 3249 826 3312 Dixi
841 3250 1029 3322 custodiam,
1045 3250 1234 3332 Expectans,
1248 3252 1371 3315 Beatus

167 3343 229 3422 qui
241 3339 398 3420 intellegit
411 3388 418 3403 .
433 3336 622 3413 versiculus,
634 3336 791 3399 Surrexit
811 3336 976 3399 Dominus
995 3358 1068 3399 vere
1083 3387 1090 3399 .
1107 3339 1369 3420 Responsorium

167 3428 317 3503 Lanatus,
327 3445 404 3488 cum
420 3424 552 3487 duobus
568 3423 784 3506 sequentibus
799 3473 806 3485 .
823 3424 981 3486 memorie
996 3435 1163 3502 consuete,
1178 3446 1255 3489 cum
1268 3427 1369 3488 missa

199 3603 253 3642 ¹-1
269 3621 317 3655 om.
331 3614 373 3666 97,
384 3616 426 3653 01.
860 3597 873 3629 ²
888 3599 1037 3650 resurrexit:
1054 3612 1096 3662 97,
1108 3614 1150 3652 οι.

202 3673 233 3721 R.
247 3671 324 3730 Fe'lr'e,
336 3670 411 3718 Brev.
425 3669 502 3718 San:
520 3666 546 3716 ii.
560 3667 617 3729 360.
653 3666 693 3714 Ps.
707 3665 788 3714 Dixit
798 3664 920 3729 insipiens
936 3666 1051 3716 Exaudi.
1087 3668 1205 3717 Miserere
1217 3669 1276 3729 nui,
1287 3670 1367 3729 Deus,

165 3753 404 3857 quillullis'urrexit,
414 3798 489 3848 Breu.
503 3798 562 3845 Sar.
577 3795 592 3844 i.
606 3795 691 3846 dcccx.
706 3794 816 3845 dcccxvi
831 3794 863 3844 V.
873 3796 995 3844 Surrexit
1005 3795 1022 3845 i.
1032 3795 1156 3856 dcccviii,
1166 3798 1199 3847 al.
1210 3797 1226 3847 i
1236 3799 1345 3848 dcccxvi.
1359 3818 1366 3859 3

165 3869 199 3917 nl.
214 3866 249 3916 iii.
265 3878 310 3926 117
324 3866 355 3913 R
370 3865 480 3926 Dignus,
492 3861 613 3910 dccclviii

198 3931 210 3961 ³
225 3932 259 3981 de
268 3946 358 3980 cruce:
375 3930 432 3977 aad.
446 3927 486 3989 87,
499 3926 539 3977 88.
859 3923 911 3974 ⁴et
922 3925 998 3975 missa
1009 3925 1182 3977 dominicalis:
1200 3929 1255 3978 add.
1270 3940 1311 3991 97,
1324 3943 1366 3981 οι.

199 3996 210 4025 ⁵
227 3996 300 4045 Feria
310 3996 343 4044 V.
357 3994 409 4044 and
422 3994 467 4052 Vl,
479 3992 623 4055 trampused
631 4009 637 4039 :
655 3990 696 4051 87,
709 3989 749 4041 88.
860 3988 914 4026 ⁸-⁷
928 4007 975 4039 om.
990 3989 1030 4053 87,
1044 3990 1084 4041 88.

200 4062 210 4087 ⁸
226 4060 434 4174 Cf‘thksagrg
442 4058 459 4107 i.
472 4056 612 4115 dccclxviii,
624 4055 735 4106 dcccxiv.
857 4053 869 4085 ⁹
885 4056 1099 4120 Responsorium:
1117 4074 1163 4106 ont.
1178 4058 1219 4120 87,
1233 4058 1272 4108 88.

198 4125 260 4164 ιο-ι
286 4143 334 4175 om,
434 4160 441 4172 ,

203 4189 221 4222 ¹¹
238 4193 299 4241 snt.
321 4135 456 4247 eriam
474 4189 550 4237 am.
569 4187 627 4236 sar.
647 4186 664 4236 i.
682 4187 792 4246 amn
809 4185 1131 4236 usumfructum
1146 4204 1202 4236 aare
1218 4188 1235 4238 t
1254 4189 1364 4240 accan

164 4260 228 4309 Ant.
242 4258 280 4306 Et
290 4256 443 4319 respicientes
454 4254 470 4303 i.
484 4251 613 4302 dcccxviii.
861 4249 934 4288 ¹²-¹²
949 4268 997 4301 our.
1010 4263 1105 4313 97,01.

199 4321 220 4352 ¹³
238 4322 355 4371 Christus
361 4329 458 4384 passeis,
471 4319 547 4367 Breu.
561 4318 619 4366 Sar.
633 4316 649 4366 i.
664 4316 778 4366 dcccxcv.
810 4316 908 4381 Hymn,
921 4318 967 4365 Ad
974 4333 1058 4365 eniam
1071 4317 1087 4367 i.
1100 4318 1212 4369 dccclxv.
1242 4320 1274 4369 V.
1288 4322 1367 4369 Mam

164 4389 300 4445 nobiscum,
312 4386 329 4436 i.
342 4383 455 4435 dccclvii.
490 4385 551 4433 Ant.
566 4384 662 4442 Pauor,
675 4382 692 4432 i.
705 4381 830 4431 dcccxcvi.

199 4451 219 4483 ¹⁴
235 4452 381 4503 uobiscum:
399 4449 440 4511 87,
453 4448 494 4509 88,
506 4460 537 4510 97
560 4461 600 4496 οι.

1168 4529 1235 4578 Ι)2
