3310 5206
534 456 695 510 PRIMUM
707 459 741 507 A.
759 458 816 509 uvi.
832 457 893 508 aiii.
911 473 936 508 v.
955 457 986 509 ii.
1331 467 1364 520 32

162 605 356 690 Capitulum
382 608 500 673 Omm‘s
520 611 676 691 pontisas
701 659 709 675 .
740 610 902 676 memoria
930 609 975 678 de
996 630 1101 690 cruce,
1122 619 1156 675 et
1179 611 1221 674 de
1243 617 1363 675 sancta

163 692 282 771 Maria,
298 705 332 758 et
346 697 390 759 de
407 695 573 761 Omnibus
589 695 731 763 Sanctis.

207 813 241 883 (l
264 808 361 872 Feria
383 809 446 871 iiii.
462 810 505 872 de
530 820 647 873 sancto
671 809 830 894 Alphego
853 858 861 873 .
886 810 1005 893 psalmi
1028 810 1152 874 Beatus
1173 810 1236 887 uir,
1251 808 1364 893 [avii]

166 892 281 972 Quare
298 898 521 976 frunuerunt,
549 895 690 959 Domine
717 898 806 979 quid.
864 897 1098 962 Inuitatorium
1129 898 1255 979 duplex
1279 943 1288 959 .
1310 897 1362 960 iii

162 981 325 1045 lectiones
344 983 388 1045 de
409 984 578 1047 communi
602 1033 609 1047 .
633 982 787 1048 Secunde
803 1004 940 1067 vespere
962 995 1058 1048 erunt
1080 985 1123 1048 de
1145 984 1225 1048 seria
1248 1034 1255 1048 .
1278 983 1363 1048 anti·

161 1068 278 1150 pliona
291 1069 447 1133 Alleluia.
470 1069 590 1152 psalmi
613 1068 751 1134 feriales.
795 1071 988 1154 Capitulum
1015 1071 1154 1136 Obsecro.
1201 1069 1364 1135 Memorie

160 1165 329 1219 consuete.

208 1267 269 1350 [cl]
293 1267 392 1331 Feria
405 1290 443 1331 .v.
459 1269 502 1332 de
517 1267 618 1332 feria.
635 1268 756 1352 psalmi
773 1268 915 1333 Saluum
931 1270 1089 1348 uu,Dous
1104 1270 1139 1333 in
1154 1269 1367 1348 adiutorium,

163 1354 208 1416 Iu
224 1366 253 1417 te
267 1355 429 1430 Domino,1
443 1355 625 1419 versiculus
642 1355 800 1420 Surrexit
818 1357 984 1420 Dominus
999 1378 1078 1420 verr.
1139 1356 1366 1440 Responsoria

162 1440 311 1505 Locutus.
359 1443 398 1504 In
422 1441 576 1506 laudibus
601 1441 793 1526 Capitulum
813 1443 953 1509 Obsecro.
999 1444 1161 1508 Memorie
1184 1452 1365 1508 consuete.

206 1646 240 1716 (l
263 1641 361 1703 Feria
382 1641 432 1704 .vi.
454 1641 498 1703 de
521 1639 611 1719 seria,
626 1640 746 1722 psalmi
761 1641 929 1719 Exultato,
951 1642 1043 1705 Deus
1064 1641 1162 1720 stetit,
1180 1641 1273 1704 Deus
1292 1641 1368 1723 quis

161 1725 296 1790 rimula?
332 1724 525 1791 versiculus²
563 1727 721 1792 Surrexit
755 1729 926 1792 Dominus.
992 1729 1226 1811 Responsoria.
1290 1727 1371 1792 Voti

156 1825 290 1897 portam
313 1864 320 1879 .
342 1815 486 1896 epistola
531 1824 566 1878 et
607 1815 819 1899 euangelium
864 1816 1013 1880 eiusdem
1059 1816 1146 1878 serie.
1212 1814 1366 1881 Secunde

163 1921 301 1984 vespere
324 1900 381 1965 de³
404 1912 521 1964 sancta
547 1903 663 1979 Maria,
687 1913 722 1966 et
747 1903 907 1967 memoria
931 1903 975 1965 de
999 1902 1243 1966 resurrectione.

206 2020 240 2090 (l
263 2013 424 2091 Sabbato,
437 2015 606 2077 desancta
622 2015 753 2078 Maria.
769 2015 824 2078 vbi
841 2014 925 2078 fiunt
940 2025 1007 2078 tres
1023 2014 1366 2078 commemorationes.

165 2102 206 2164 ln
229 2123 267 2164 .v.
291 2100 371 2163 seria
394 2101 452 2165 fiat
473 2121 541 2165 vna
562 2103 857 2165 commemoratio.
874 2112 908 2165 et
929 2111 1010 2165 tunc
1032 2102 1082 2166 .vi.
1105 2102 1186 2164 seria
1201 2101 1368 2164 dicuntur¹

164 2188 392 2270 Responsoria
416 2187 497 2252 Vidi
501 2197 635 2270 portam
650 2208 717 2270 que
732 2190 823 2272 prius
838 2189 928 2252 dicta
943 2209 1010 2251 non
1026 2200 1129 2252 erant.

247 2347 304 2420 o
337 2299 760 2471 ulsinum?
783 2297 1369 2471 pinnarensium

161 2471 244 2534 Lux
258 2476 449 2554 perpetuu.
466 2473 586 2557 psalmi
609 2474 745 2538 feriales.
799 2473 992 2556 Capitulum
1014 2473 1081 2537 Isto
1105 2483 1243 2537 sanctus.
1301 2472 1367 2536 Re-

162 2560 375 2641 sponsorium
405 2561 493 2624 Filio
520 2561 707 2624 lamuelem.
753 2561 917 2625 Memoria
942 2562 985 2624 de
1014 2560 1190 2625 dominica.
1235 2559 1368 2623 Deinde

161 2656 218 2709 eat
242 2649 410 2727 processio
432 2648 474 2711 ad
498 2667 628 2711 crucem
645 2699 652 2713 .
668 2649 848 2712 versiculus
873 2649 999 2711 Dicant
1024 2648 1122 2711 nuuc⁶
1147 2647 1181 2710 in
1208 2646 1367 2729 superiori

161 2733 279 2815 gradu.
335 2735 393 2798 Ad
428 2736 610 2799 matutinas
640 2734 760 2818 psalmi
801 2735 883 2801 Cum
921 2736 1110 2810 inuocarem
1151 2733 1254 2798 Verba
1285 2754 1365 2809 maa,

160 2820 306 2883 Deuu'no
320 2820 485 2884 Dominus
506 2831 540 2884 et
563 2822 727 2885 Memoria
747 2822 788 2884 de
810 2822 977 2886 dominica
992 2821 1194 2885 .versiculus
1212 2819 1367 2884 Surrarr't

162 2906 330 2970 Dominus
350 2907 390 2971 de
416 2909 558 2989 sepulcro
580 2959 588 2972 .
610 2920 644 2973 et
666 2909 709 2971 de
731 2909 977 2984 resurrectione,
1002 2907 1182 2971 versiculus
1210 2905 1367 2972 Surrexit

162 2994 328 3057 Dominus
338 3015 417 3058 vere.
456 2995 514 3059 Ad
530 2997 665 3119 spissam
681 2996 865 3065 secundum
880 2995 1037 3074 Alleluia,
1049 3015 1117 3059 non
1133 2995 1175 3058 de
1188 2994 1365 3073 dominica,

161 3082 222 3144 sed
239 3081 281 3143 de
298 3083 542 3147 resurrectione.

205 3199 239 3269 (l
262 3193 359 3256 Feria
372 3194 412 3257 ii.
428 3196 471 3259 de
487 3193 576 3269 seria,
592 3195 712 3277 psalmi
732 3194 901 3258 ⁸Eaultate
922 3194 1011 3269 iusti,
1033 3193 1235 3269 Benedicam
1249 3191 1365 3257 lauru

162 3280 316 3343 Domino⁸
326 3280 505 3345 versiculus
517 3281 711 3344 Resurroxit
720 3281 893 3345 Dominus.
928 3281 1189 3364 Responsorium
1199 3279 1364 3357 Narrabo,

161 3387 238 3431 cum
256 3367 358 3431 missa
372 3368 571 3431 dominicali.
617 3367 772 3433 Secunde
793 3388 929 3450 vespere
944 3377 1041 3431 erunt
1055 3368 1099 3430 de
1114 3376 1230 3431 sancto
1247 3366 1363 3430 Marco

159 3454 376 3538 euangelista
422 3455 578 3521 Solennis
593 3456 753 3519 memoria
767 3455 810 3519 de
825 3456 1069 3518 resurrectione.

204 3572 239 3643 ἦ
262 3567 358 3631 Feria
381 3568 432 3631 iii.
457 3568 501 3630 de
523 3579 639 3632 sancto
665 3568 783 3631 Marco
803 3617 810 3630 .
833 3567 954 3651 psalmi
981 3566 1053 3632 Celi
1071 3575 1238 3643 enarrant,
1261 3564 1361 3628 Bone·

160 3653 278 3731 dr'cam,
292 3654 471 3717 Eructauit
494 3665 528 3718 et
542 3654 689 3721 solennis
705 3656 866 3718 memoria
881 3656 923 3717 de
938 3654 1184 3717 resurrectione.

205 3770 239 3841 ᾖ
262 3766 359 3831 Feria
374 3766 436 3829 iiii.
452 3766 495 3830 de
513 3765 593 3830 leria
608 3817 615 3829 .
632 3767 753 3851 psalmi
775 3767 879 3830 ⁸Deus
900 3766 1057 3847 repulisti,
1079 3763 1223 3840 Exaudi,
1245 3763 1363 3827 Nonne

160 3851 260 3915 Deo⁸.
273 3855 452 3916 versiculus
469 3853 627 3917 Surrexit
638 3854 804 3917 Dominus
817 3874 898 3917 uere.
938 3852 1164 3936 Responsoria
1177 3850 1363 3932 Hymnuud

193 4036 202 4067 ¹
221 4039 326 4099 Psalms,
338 4056 384 4088 om.
399 4050 441 4102 97,
452 4052 495 4101 01,
507 4039 547 4090 08.
585 4041 634 4090 For
650 4041 693 4090 the
711 4040 844 4106 Responde
854 4041 959 4104 Digitus
974 4055 1007 4101 cs,
1025 4039 1076 4089 and
1087 4039 1204 4095 Laurus,
1216 4052 1258 4087 see
1270 4037 1364 4087 Rubn'c

161 4102 189 4152 in
200 4103 275 4153 Brea.
289 4105 347 4154 Sar.
361 4105 482 4154 dccclxix.
799 4103 811 4135 ²
827 4106 993 4155 Resurrarit:
1010 4103 1053 4173 87,
1065 4102 1106 4165 88,
1119 4114 1161 4165 97,
1173 4115 1217 4162 01,
1227 4100 1268 4151 08.

194 4166 205 4261 ἓ
220 4179 293 4244 aunt
303 4168 493 4285 ‘legdy'gae'gg
796 4168 812 4265 οὗ
823 4170 994 4286 dyscolam?
1005 4171 1133 4283 &nim
1145 4186 1151 4218 ι
1169 4178 1210 4229 97,
1223 4180 1263 4216 01.

194 4296 206 4329 ⁷
220 4250 356 4348 fficium
371 4246 485 4350 oidili'em
495 4273 608 4350 dicatur.
644 4302 686 4350 Ad
703 4300 825 4351 secundas
839 4252 955 4366 versetur
972 4246 1093 4350 lilemoria
1106 4300 1138 4349 de
1155 4296 1282 4348 dominica
1296 4307 1322 4347 et
1333 4297 1364 4347 de

161 4366 356 4465 sessu—mnectione:
375 4365 487 4480 add0887,
500 4364 540 4415 88.
576 4366 615 4416 Ci.
631 4367 735 4415 Missalc
746 4367 851 4427 Sarum,
864 4376 921 4430 359,
933 4377 990 4428 401.

195 4442 474 4558 {lumllyllilsl'ou‘
498 4496 541 4555 (R.
561 4496 695 4561 Hymuum
706 4501 813 4556 comato,
826 4496 902 4547 Breu.
916 4496 976 4549 Sar.
988 4494 1005 4546 i.
1019 4495 1166 4554 dccccxxx.)
