3316 5220
285 607 332 671 338
610 607 706 655 DIRE
709 609 729 656 C
734 608 759 655 Τ
757 607 822 655 Olr'l
824 606 880 656 GM
911 607 1085 655 SACERDO
1091 607 1177 658 TUM.

288 758 445 834 Marie.†¹⁴'
470 761 526 823 Ad
537 780 693 843 vesperas
703 760 746 822 de
756 758 930 842 apostolo,¹
943 759 1502 823 solennis²memoriadedominica

286 858 319 910 et
334 850 377 912 de
392 857 509 911 sancta
526 848 641 911 Maria.

328 976 362 1045 (Ι
386 971 482 1033 Feria
512 971 550 1033 .ii.
581 970 624 1032 de
661 980 778 1033 sancto
808 969 955 1040 Andrea.
986 969 1125 1034 Inferius
1156 969 1305 1052 duplex:
1343 971 1498 1034 solennis

286 1058 444 1121 memoria
459 1057 502 1120 de
519 1057 690 1131 Aduentu,
705 1067 739 1119 et
755 1057 797 1119 de
812 1067 928 1120 sancta
947 1058 1060 1120 Maria.

327 1183 361 1254 (Ι
385 1178 481 1241 Feria
496 1178 545 1241 .iii.
563 1178 605 1240 de
621 1176 707 1239 seria.
756 1177 860 1238 Missa
877 1176 980 1239 Salus
986 1177 1107 1258 populi.

326 1305 360 1376 (Ι
385 1300 480 1363 Feria
495 1300 557 1363 iiii.
574 1301 630 1362 de³
646 1298 731 1360 sesto
747 1297 809 1360 loci
825 1308 859 1360 ct
876 1299 1036 1361 memoria
1051 1299 1093 1361 de
1109 1299 1245 1362 octauis.

325 1436 359 1505 (Ι
384 1430 479 1493 Feria
509 1451 545 1492 .v.
577 1429 621 1491 de
650 1428 796 1491 secunda
834 1428 1161 1503 commemoratione,
1190 1437 1224 1491 et
1255 1429 1415 1491 memoria
1447 1429 1496 1491 de

281 1518 417 1581 octauis.

324 1643 358 1712 (Ι
382 1638 479 1700 Feria
505 1636 553 1700 .vi.
581 1636 623 1698 de
647 1644 764 1698 sancto
794 1632 971 1697 Osmundo
1001 1635 1207 1698 consessore:
1242 1636 1286 1699 ix.
1309 1633 1496 1699 lectiones:

282 1724 395 1787 omnia
411 1723 453 1787 dc
469 1723 657 1786 communi:
680 1733 714 1785 et
731 1722 891 1784 memoria
906 1722 948 1785 de
964 1723 1114 1785 octauis.⁴

323 1860 358 1929 (Ι
381 1853 540 1929 sabbato,
556 1852 597 1914 de
613 1861 728 1913 sancta
746 1851 863 1927 Maria,
878 1860 912 1913 et
929 1852 1089 1914 memoria
1104 1852 1147 1914 de
1163 1861 1280 1913 sancto
1297 1850 1457 1914 Andrea⁵

457 1982 503 2057 “(Ι
527 1981 706 2044 Dominica
730 1980 769 2044 ji.
795 1979 984 2057 Aduentus,
998 1988 1108 2043 totum
1137 1981 1179 2043 dc
1205 1980 1381 2044 dominica.
1429 1983 1494 2044 ⁷Et

284 2036 352 2088 Μ·
366 2030 404 2103 6.]
458 2069 579 2133 festum
596 2069 703 2130 sancti
722 2067 852 2130 Nicolai
869 2065 1040 2130 differatur
1056 2068 1088 2129 in
1106 2068 1309 2131 crastinum!

323 2202 357 2272 (Ι
381 2197 477 2259 Feria
493 2196 530 2260 ii.
547 2196 590 2259 de
613 2205 730 2258 sancto
754 2194 914 2258 Nicolao:
937 2205 972 2258 et
996 2197 1155 2258 memoria
1182 2195 1224 2258 de
1251 2197 1392 2260 octauis⁸
1407 2217 1491 2260 curn

282 2283 382 2346 missa
408 2284 439 2345 in
464 2283 619 2365 capitulo.
674 2282 729 2345 Ad
761 2302 916 2365 vesperas
941 2282 1088 2346 solennis
1116 2283 1276 2346 memoria
1302 2285 1344 2346 de
1368 2295 1493 2348 sancto

282 2370 431 2448 Nicolao,
446 2382 479 2434 et
495 2371 537 2433 de
555 2369 724 2433 Aduentu.

322 2505 356 2576 (Ι
380 2499 476 2562 Feria
491 2500 541 2563 iii.
558 2499 680 2563 festum
705 2499 943 2580 Conceptionis
967 2498 1065 2561 beate
1082 2499 1197 2575 Marie,
1218 2499 1327 2562 minus
1348 2499 1490 2582 duplex.

281 2588 326 2651 Et
339 2586 397 2650 fiat
407 2587 573 2668 processio
589 2597 667 2649 ante
683 2586 842 2659 missam,⁷
858 2596 892 2648 et
907 2585 1052 2648 solennis
1069 2586 1229 2648 memoria
1244 2586 1286 2649 de
1303 2586 1492 2651 Aduentuf

281 2675 320 2736 In
338 2674 517 2750 redeundo
533 2672 718 2755 antiphona
736 2671 898 2753 Conceptio
914 2682 979 2735 tua.

321 2808 356 2877 (Ι
379 2804 406 2865 F
408 2804 475 2865 cria
491 2802 552 2866 iiii.
568 2802 610 2865 de
627 2800 715 2864 seria.
762 2800 918 2884 Epistola
933 2809 967 2864 et
983 2802 1194 2882 euangelium
1210 2801 1359 2866 eiusdem
1376 2801 1466 2868 serie.

321 2938 355 3008 (Ι
380 2932 476 2994 Feria
491 2954 527 2995 .v.
544 2932 587 2994 de
603 2930 688 2993 sesto
705 2930 775 2993 loci.

321 3067 355 3137 (Ι
379 3061 475 3123 Feria
491 3061 539 3123 .vi.
557 3061 599 3122 de
616 3057 695 3121 feria
710 3083 716 3121 :
739 3068 774 3122 et
791 3060 1051 3140 Responsorium
1076 3057 1187 3121 feriale
1211 3058 1361 3122 dicatur:
1384 3061 1490 3124 missa

279 3148 426 3211 eiusdem
444 3147 531 3211 serie.

322 3272 356 3343 (Ι
380 3266 539 3341 sabbato,
556 3268 598 3329 de
614 3276 729 3329 sancta
747 3266 863 3341 Maria,
878 3276 911 3329 et
928 3267 1088 3328 memoria
1104 3267 1146 3329 de
1163 3265 1331 3330 Aduentu.

323 3403 357 3473 (Ι
379 3396 444 3458 Vbi
468 3394 552 3459 fiunt
575 3404 641 3458 tres
664 3394 1007 3468 commemorationes,
1024 3395 1063 3456 In
1079 3395 1127 3458 .vi.
1146 3395 1225 3457 feria
1241 3393 1298 3459 fiat
1313 3415 1379 3457 vna
1395 3416 1490 3459 com·

283 3484 486 3547 memoratio.
533 3482 578 3544 Et
596 3481 856 3563 Responsorium
873 3481 984 3544 feriale
1001 3483 1033 3543 in
1050 3482 1112 3546 ‚iiii
1129 3481 1209 3544 feria
1224 3483 1361 3546 dicatur.

314 3800 321 3830 ¹
340 3800 475 3865 apostolis:
494 3812 535 3862 97,
548 3814 577 3849 01
592 3802 620 3860 (S
644 3802 765 3861 Andree).

313 3866 324 3895 '²
340 3866 465 3915 solennis:
484 3883 530 3915 om.
545 3867 585 3926 87,
599 3866 638 3915 88.

314 3930 367 3967 ³—⁴
383 3931 443 3980 seria
455 3940 479 3980 et
491 3932 610 3980 memoria
621 3932 652 3980 de
664 3931 767 3989 octenis.
781 3949 794 3980 e
814 3931 886 3980 istola
898 3941 923 3981 et
935 3932 1089 3996 euangelium
1102 3933 1212 3984 eiusdem
1220 3935 1287 3986 ferie.

315 3996 387 4045 Feria
399 4014 421 4046 v.
435 3997 467 4045 de
479 3996 541 4046 sesto
553 3997 610 4055 loci,
623 4007 647 4046 et
660 3948 818 4046 memoriase
830 3996 931 4045 octauis.

315 4062 386 4111 Feria
398 4061 430 4110 vi.
444 4062 476 4111 de
488 4062 548 4111 seria
559 4074 583 4111 et
595 4063 709 4112 dicuntur
722 4062 890 4126 Responsoria
900 4062 1012 4111 ferialia:
1030 4061 1071 4123 87,
1084 4062 1124 4112 88.

313 4127 323 4155 ³
340 4128 381 4176 vbi
394 4127 455 4175 fiunt
468 4139 516 4176 tres
528 4127 776 4176 commemorationes
789 4128 813 4175 in
825 4127 858 4175 iii.
874 4127 934 4176 seria
946 4127 989 4176 fiat
1001 4145 1049 4176 vna
1061 4131 1281 4180 commemoratio:
1294 4134 1350 4182 add.
1364 4132 1407 4195 87,
1420 4134 1463 4185 88.

312 4192 323 4222 ’ὅ
342 4195 389 4253 “11
408 4192 540 4241 Dominica
552 4193 576 4241 ii.
597 4193 628 4241 de
645 4193 749 4242 seruicio
760 4192 911 4242 dominicali.
934 4203 959 4241 et
977 4192 1066 4242 festum
1084 4194 1162 4244 sancti
1181 4196 1298 4246 Nicholai
1315 4198 1442 4250 differatur
1462 4203 1490 4252 in

279 4258 421 4307 crastinum.

314 4323 385 4372 Feria
397 4324 421 4387 ij.
437 4323 467 4371 de
479 4332 566 4372 sancto
583 4323 714 4372 Nicholao.
735 4334 758 4372 et
776 4323 895 4372 memoria
913 4334 1007 4372 tantum
1027 4324 1058 4372 de
1069 4325 1164 4375 omanis
1175 4326 1264 4386 [sancti
1276 4328 1396 4390 andren,
1416 4333 1491 4383 etde

279 4400 365 4437 sancta
377 4389 465 4437 Maria.

314 4454 385 4503 Feria
398 4471 419 4501 v.
434 4463 458 4501 et
470 4454 574 4501 sabbato
585 4453 616 4502 de
628 4453 889 4503 comemoracionibus.

312 4521 339 4569 Si
352 4518 441 4567 suerint
459 4518 493 4581 iij.
512 4519 737 4567 comemoraciones
755 4519 780 4567 in
798 4520 830 4583 vj.
852 4519 913 4568 feria
925 4519 967 4567 fiat
988 4535 1036 4567 vna
1053 4522 1243 4583 comemoracio,
1256 4532 1280 4573 et
1300 4526 1490 4589 responsorium

276 4583 594 4648 ferialepretermittatur.''
629 4596 667 4643 77.

311 4648 363 4686 ⁷-⁷
379 4665 425 4698 om.
440 4666 446 4696 :
464 4648 504 4708 87,
518 4648 550 4696 88
936 4651 945 4675 ⁸
963 4651 987 4699 S.
1005 4649 1112 4700 Andree.
