3326 5208
539 463 702 515 PRIMUM
721 463 749 512 C.
783 463 836 512 xvi.
849 461 910 512 xiii.
923 479 950 512 x.
963 479 988 512 v.
1002 463 1031 512 ἐπ’.
1347 476 1393 527 193

228 623 262 693 (Ι
286 617 384 681 Feria
399 617 449 765 ,ilii
466 616 509 679 ad
524 636 680 698 vesperas
695 627 730 679 et
753 616 934 679 matutinas
957 615 1055 680 beate
1070 615 1217 698 virginis,
1233 618 1393 680 memoria

184 706 227 768 de
242 714 359 768 sancta
375 705 414 766 lu
429 704 512 767 iana.

360 821 394 891 (Ι
418 816 596 879 Dominica
619 816 659 880 ,ii
686 815 952 898 quadragesime,
975 825 1048 878 tota
1068 824 1222 879 cantetur
1245 814 1392 880 historia

184 867 253 922 Feb·
267 863 323 937 π’]
359 903 509 985 Vespere
534 914 631 966 erunt
653 904 696 966 de
711 912 828 966 sancto
846 902 964 978 Petro,¹
981 912 1015 964 et
1027 904 1186 965 memoria
1202 903 1245 965 de
1260 903 1392 967 domin·

183 1009 242 1053 rea.

226 1108 260 1178 (Ι
283 1102 312 1165 F
313 1103 381 1165 eria
395 1102 435 1166 ,ii
451 1103 495 1167 de
509 1111 626 1166 sancto
643 1102 749 1178 Petro,
768 1101 1001 1165 Inuitatorium
1024 1101 1158 1185 triplex,
1173 1111 1208 1165 et
1231 1103 1392 1165 memoria

183 1189 226 1251 de
241 1190 372 1253 ieiunio.

224 1307 258 1377 (Ι
283 1301 380 1365 Feria
394 1301 445 1366 iii.
468 1302 512 1365 de
534 1301 678 1365 ieiunio:
702 1300 881 1364 versiculus
907 1311 941 1365 et
966 1301 1192 1385 Responsoria
1216 1301 1259 1364 de
1282 1302 1392 1385 primo

181 1402 352 1452 nocturno.

224 1507 258 1577 (Ι
283 1501 457 1565 Feriaiiii.
480 1503 524 1565 de
547 1510 663 1565 sancto
688 1500 827 1578 Mathia,
856 1499 996 1563 Inferius
1022 1499 1158 1583 duplex,
1184 1510 1219 1564 et
1244 1499 1392 1565 solennis

182 1589 343 1651 memoria
358 1589 401 1651 de
416 1589 546 1652 ieiunio.

225 1706 259 1776 (Ι
283 1701 380 1763 Feria
395 1722 431 1764 .v.
447 1702 507 1778 .vi,
528 1710 562 1764 et
585 1700 736 1778 sabbat0,
760 1700 802 1763 de
826 1699 956 1771 ieiunio,
972 1720 1047 1763 cum
1071 1699 1240 1763 versiculis
1263 1711 1297 1765 et
1325 1702 1391 1765 Re·

182 1787 364 1869 sponsoriis
380 1786 516 1850 historie
531 1788 760 1851 dominicalis:
793 1798 828 1852 et
854 1788 887 1849 in
914 1787 963 1851 .vi.
991 1787 1072 1850 seria
1101 1788 1221 1851 dicitur
1244 1788 1389 1872 primum

185 1875 447 1956 Responsorium
479 1873 599 1950 feriale,
629 1885 663 1938 et
693 1873 781 1938 aliud
812 1875 845 1937 in
877 1873 1028 1952 sabbato,
1057 1895 1133 1937 cum
1165 1875 1391 1958 Responsorio

183 1960 295 2036 Pater,
302 1963 441 2042 peccaui.

227 2079 261 2149 (Ι
286 2074 326 2136 ln
342 2094 431 2136 anno
444 2073 592 2137 bisextili
605 2072 663 2137 fiat
675 2075 849 2137 seruicium
866 2074 909 2137 de
923 2084 1040 2137 sancto
1057 2073 1188 2138 Mathia
1203 2074 1237 2137 in
1253 2097 1290 2139 .v.
1303 2074 1392 2139 feria

228 2192 262 2262 (Ι
285 2186 332 2248 Et
362 2185 405 2248 ab
436 2187 512 2249 hinc
541 2207 645 2268 vsque
681 2189 724 2250 ad
756 2187 897 2269 primam
935 2186 1135 2249 dominicam
1168 2197 1244 2268 post
1274 2188 1393 2269 quinto

185 2272 347 2337 kalendas
362 2273 519 2355 Augusti,
534 2274 716 2356 accipiatur
738 2275 881 2355 primum
904 2273 942 2350 B,
967 2293 1027 2354 pro
1049 2273 1158 2338 littera
1180 2274 1393 2353 dominicali;

185 2371 219 2423 et
235 2358 408 2424 inchoetur
423 2361 465 2422 ad
481 2362 533 2424 iii.
549 2362 750 2423 dominicam
766 2361 1030 2444 quadragesime.

187 2477 254 2531 Feb.
268 2476 324 2547 28.]
361 2479 395 2549 (Ι
419 2473 597 2536 Dominica
613 2473 663 2536 iii.
679 2473 945 2555 quadragesime,
961 2484 1033 2536 tota
1049 2471 1215 2537 cantetur’
1230 2472 1377 2538 historia

228 2593 262 2663 (Ι
286 2587 382 2650 Feria
397 2586 437 2649 .ii.
454 2587 496 2649 de
510 2596 626 2648 sancto
643 2585 765 2661 Dauid,
781 2586 825 2648 ix.
841 2585 1008 2649 lectiones.

228 2706 262 2776 (Ι
285 2701 313 2762 F
315 2700 382 2762 eria
397 2699 448 2762 iii.
464 2699 507 2762 de
522 2709 638 2761 sancto
654 2697 779 2770 Cedda.
796 2700 840 2761 ix.
853 2698 1031 2761 lectiones.³

183 2900 334 2963 versiculi
352 2909 385 2961 et
409 2899 634 2981 Responsoria
660 2897 797 2961 historie
818 2895 1027 2961 dominicalis
1050 2917 1110 2979 per
1129 2896 1393 2961 hebdomadam⁴

183 2988 347 3051 dicuntur.

226 3106 260 3176 (Ι
285 3099 381 3162 Feria
396 3099 445 3161 .vi.
461 3097 580 3160 dicitur
594 3097 738 3179 primum
758 3097 1020 3179 Responsorium
1044 3095 1165 3171 feriale,
1181 3106 1215 3160 et
1237 3096 1302 3160 alia
1324 3098 1394 3161 duo

184 3188 217 3250 in
234 3189 384 3249 sabbato.

360 3302 393 3372 (Ι
418 3296 596 3358 Dominica
611 3296 674 3359 iiii.
690 3295 953 3378 quadragesime,
969 3305 1041 3358 tota
1059 3297 1223 3358 cantetur¹
1245 3296 1391 3360 historia

184 3345 338 3534 &ambe
364 3383 468 3484 Nihffl
492 3385 535 3446 de
561 3383 756 3464 virginibus⁰
783 3384 858 3445 nisi⁷
884 3383 926 3444 ad
952 3402 1106 3465 vesperas
1139 3392 1173 3446 et
1210 3383 1391 3446 matutinas

207 3482 310 3535 eatcr
338 3490 414 3534 ane.

227 3588 259 3658 (Ι
286 3582 383 3645 Feria
404 3582 443 3646 .ii.
470 3581 521 3646 ‚iii
544 3582 606 3646 ‚iiii
629 3604 666 3645 .v.
690 3592 723 3644 et
750 3580 899 3655 sabbato,
924 3581 967 3643 de
993 3582 1123 3645 ieiunio.
1169 3580 1333 3644 Versiculi
1358 3591 1393 3645 et

186 3669 411 3753 Responsoria
433 3670 614 3732 secundum
640 3671 790 3732 ordinem
819 3682 1055 3731 nocturnorum
1082 3670 1243 3732 dicuntur.
1290 3669 1335 3732 Et
1358 3670 1392 3731 in

183 3758 246 3821 ‚iiii
263 3757 344 3819 seria
359 3758 479 3819 dicitur
496 3757 757 3838 Responsorium
774 3756 893 3819 feriale.

227 3875 261 3945 (Ι
285 3869 382 3931 Feria
397 3870 445 3932 .vi,
461 3870 504 3931 de
527 3880 643 3931 sancto
666 3868 836 3950 Gregorio,
855 3867 994 3930 Inferius
1017 3867 1152 3951 duplex.
1198 3866 1391 3951 Capitulum

184 3955 264 4018 Ecce
284 3956 437 4020 sacerdos.

187 4075 287 4128 March
304 4071 356 4144 14]
377 4076 410 4146 (Ι
435 4069 613 4133 Dominica
629 4068 662 4131 in
676 4068 835 4130 Passione
845 4068 993 4142 Domini,
1005 4077 1077 4130 tota
1086 4076 1238 4130 cantetur
1246 4066 1392 4132 historia

218 4260 226 4291 ¹
244 4262 370 4312 Cathedm
381 4261 408 4311 S,
424 4261 497 4311 Petri.

217 4326 228 4357 ²
244 4327 358 4378 dicatur:
376 4326 416 4388 87,
430 4326 469 4375 88.
505 4326 538 4376 de
548 4325 649 4375 seruitio
660 4323 819 4374 dominicali:
838 4325 913 4374 Brev.

218 4392 229 4421 ³
245 4393 277 4442 de
287 4393 413 4442 communi
425 4394 560 4441 secundum
573 4391 661 4440 Samm
673 4408 680 4440 z
692 4392 748 4439 add.
762 4402 803 4452 97,
816 4403 857 4439 01.

217 4456 228 4487 ⁴
244 4459 356 4507 ordinem
366 4460 409 4519 sor
418 4457 602 4506 hebdomadam
614 4475 621 4506 z
638 4456 680 4517 87,
692 4456 731 4504 88.
941 4454 951 4483 ⁶
968 4464 993 4505 et
1004 4455 1081 4519 desere
1091 4455 1171 4507 nihil:
1188 4455 1228 4517 87,
1239 4454 1279 4506 88.

217 4520 229 4552 ⁸
244 4524 290 4574 SS.
306 4525 428 4588 Perpetua
439 4532 464 4572 et
476 4522 613 4572 Felicitate.
941 4519 952 4552 ⁷
968 4522 1105 4572 memoria:
1122 4522 1198 4572 Brcv.

275 4604 358 4653 Plcn
381 4603 518 4653 SARUM.
1279 4603 1304 4653 0
