3326 5208
528 456 707 507 mecum
726 456 754 505 C.
788 457 854 505 xvii.
874 458 923 505 xii.
943 457 980 505 ix.
1000 457 1036 506 vi.
1056 456 1075 505 i.
1356 466 1404 519 225

238 617 271 687 (Ι
296 612 392 674 Feria
407 611 458 674 iii.
473 610 516 673 de
537 610 719 693 ειροεῖοΙίε,1
743 610 853 672 minus
877 608 1013 692 duplex.
1061 608 1166 673 Nihil²
1182 610 1215 672 in
1232 608 1404 672 audientia

194 699 239 761 de
254 700 381 761 octauis
397 699 502 762 sancti
520 698 700 761 Ιοὴειηηίε.δ

196 900 311 961 tiones.

237 1015 271 1086 (Ι
296 1011 392 1073 Feria
415 1032 462 1086 .v.,
485 1009 528 1072 de
554 1019 670 1071 sancta
696 1009 813 1083 Maria,
840 1019 873 1071 et
900 1009 1061 1072 memoria
1087 1008 1277 1087 deloctaua
1297 1010 1402 1072 sancti

196 1098 364 1161 Iohannis.
411 1097 468 1159 Ad
484 1116 649 1179 vesperas,
665 1096 707 1158 de
722 1095 927 1159 Visitatione
943 1097 1040 1159 beate
1057 1097 1172 1160 Marie.

238 1216 272 1286 (Ι
297 1210 394 1272 Feria
408 1210 456 1272 .vi.
472 1208 515 1271 de
531 1209 734 1272 Visitatione
751 1211 848 1271 beate
866 1208 981 1285 Mario,
998 1207 1118 1271 festum
1135 1209 1242 1271 maius
1264 1209 1401 1291 duplex.

238 1327 272 1398 (Ι
296 1321 456 1391 Sabbato
472 1323 515 1383 de
530 1322 669 1384 octuuis⁴
686 1320 783 1384 beate
808 1320 921 1384 Marie.
968 1320 1024 1384 Ad
1049 1341 1204 1403 vesperas
1220 1321 1263 1384 de
1285 1332 1402 1384 sancto

197 1410 352 1485 Martino,
377 1409 536 1471 memoria
560 1408 603 1470 de
629 1408 804 1484 dominica,
828 1419 862 1470 et
884 1408 927 1470 de
960 1407 1146 1485 Trinitate;
1176 1419 1211 1471 et
1235 1410 1403 1491 processio

196 1496 262 1560 fiat.

194 1660 241 1728 ω
299 1656 311 1729 1
373 1607 609 1684 (ΙΙὶοῐηίηἰεει
638 1607 711 1681 iiii..
740 1607 783 1669 de
812 1617 931 1670 sancto
963 1607 1119 1686 Martino,
1156 1608 1201 1671 ix.
1235 1608 1402 1671 lectiones.

196 1674 297 1845 ult·
311 1695 490 1845 uhu
506 1694 733 1844 luxu
1198 1696 1241 1759 ὼ

239 1900 272 1970 (Ι
296 1895 394 1957 Feria
408 1895 446 1958 ii.
470 1894 513 1957 de
529 1894 670 1957 octauis⁴
685 1945 692 1957 .
709 1906 775 1957 tres
792 1894 958 1957 lectiones.

239 2012 272 2082 (Ι
297 2008 394 2069 Feria
409 2007 460 2069 ‚iii
477 2007 519 2069 de
534 2019 654 2069 octaua
669 2007 920 2088 apostolorum,⁵
936 2008 980 2070 ix.
998 2007 1176 2070 lectiones:
1198 2017 1232 2069 et
1242 2009 1403 2070 memoria

196 2094 240 2156 de
266 2095 393 2156 octauis
418 2094 636 2156 Visitationis.
684 2094 740 2155 Ad
766 2113 920 2175 vesperas
944 2095 1049 2157 sancti
1075 2094 1227 2170 Thomess
1243 2096 1404 2156 memoria

196 2185 239 2244 de
255 2183 396 2245 uetanis*
411 2181 601 2257 solenniter,
616 2184 663 2243 etl
680 2182 841 2243 memoria
856 2182 899 2242 de
914 2181 1088 2263 apostolis5
1104 2182 1268 2264 priuatim.

238 2413 272 2482 (Ι
297 2407 394 2469 Feria
408 2428 445 2469 .v.
462 2407 504 2467 de
519 2406 660 2468 octauis⁴
676 2406 772 2469 beate
790 2405 904 2468 Marie.

239 2525 273 2594 (Ι
299 2520 394 2581 Feria
409 2520 456 2581 .vi.
474 2519 516 2580 de
531 2520 675 2591 octaua‚⁴
686 2520 731 2581 ix.
748 2518 913 2581 lectiones.
960 2518 1017 2580 Ad
1029 2539 1191 2602 vesperas,
1207 2518 1404 2601 ⁹antiphone

198 2606 327 2689 psalmi,
352 2605 512 2680 versiculi,
529 2605 595 2679 δια,
613 2606 697 2667 sicut
713 2607 746 2666 in
762 2606 870 2688 prima
891 2606 966 2668 die:
989 2607 1124 2688 preter¹⁰
1141 2606 1401 2688 Responsorium

195 2695 287 2776 quod
318 2713 384 2754 non
418 2694 558 2755 dicetur⁹
582 2694 624 2755 ad
648 2696 811 2755 secundas
835 2711 989 2774 vesperas
1056 2690 1126 2774 [Ad
1151 2694 1181 2755 ii.
1207 2692 1402 2774 vesperas]¹⁰

200 2781 360 2843 memoria
376 2779 419 2842 de
436 2779 671 2861 martyribus.¹¹

237 2899 271 2968 (Ι
295 2891 455 2970 Sabbato,
485 2892 528 2953 de
557 2901 674 2954 sancta
707 2892 822 2967 Maria,
852 2902 886 2954 et
916 2892 1077 2954 memoria
1093 2892 1135 2955 de
1165 2893 1401 2973 martyribus.¹¹

195 2980 252 3043 Ad
275 2999 430 3062 vesperas
455 2979 676 3061 reliquiarum,
703 2980 862 3041 memoria
884 2981 947 3041 sub
973 2980 1104 3042 silentio
1119 2983 1162 3042 de
1178 2980 1353 3055 dominica,
1368 2990 1401 3042 et

194 3066 238 3129 de
255 3066 438 3129 Trinitate:
461 3066 519 3128 sed
537 3065 618 3128 nihil
634 3067 677 3128 de
692 3077 809 3129 sancto
826 3067 1017 3129 Benedicto.

373 3184 406 3254 (Ι
431 3178 609 3241 Dominica
624 3199 671 3254 .v.,
694 3177 816 3241 festum
840 3178 1062 3259 reliquiarum,
1080 3179 1187 3241 maius
1213 3178 1350 3261 duplex,
1366 3190 1399 3242 et

194 3229 260 3297 lull
276 3225 329 3298 Μ’]
373 3266 438 3327 due
453 3266 636 3327 memorie¹²
652 3266 715 3328 sub
730 3267 870 3328 silentio.
910 3266 940 3328 N
944 3266 1015 3328 ihil²
1028 3265 1071 3328 de
1083 3275 1199 3328 sancto
1211 3267 1400 3330 Benedicto

239 3381 273 3451 (Ι
296 3375 456 3458 Quotidie
483 3397 541 3460 per
566 3380 863 3453 ¹³totas0ctauas,¹³
887 3379 1047 3440 memoria
1078 3379 1121 3440 de
1144 3377 1289 3460 reliquiis
1322 3399 1398 3441 cum

196 3463 346 3527 Collecta
368 3464 452 3526 tali¹⁴
468 3464 610 3545 (Prata,
625 3485 806 3546 quesumus,
821 3466 1018 3546 omnipotens
1031 3465 1131 3540 Deus,
1155 3476 1193 3527 vt
1215 3477 1398 3528 sanctorum

195 3562 335 3625 tuorum,
349 3571 486 3631 quorum
502 3553 638 3633 reliquie
648 3551 728 3631 ue).

238 3663 393 3738 (ΙΡετίει
422 3664 460 3727 .ἰί.
491 3664 534 3726 de
564 3665 663 3726 seria:
700 3675 734 3727 et
762 3665 914 3728 dicantur
949 3665 1173 3745 Responsoria
1210 3665 1254 3728 de
1291 3668 1399 3748 primo

196 3762 366 3812 nocturno.
414 3751 544 3813 hlissa¹⁵
555 3752 770 3814 dominicalis.

229 3932 237 3963 ¹
255 3936 301 3987 SS.
318 3938 390 3987 Petro
401 3948 427 3987 et
439 3938 524 3988 Paulo.
852 3935 864 3967 ²
879 3948 904 3987 et
916 3938 993 4002 before
1004 3938 1085 3988 nihil:
1102 3937 1143 3998 87,
1156 3938 1196 3987 88.

227 3999 239 4029 ³
255 4002 281 4051 S.
298 4003 385 4052 lolmn.
401 4004 475 4068 Bapt.
851 4002 862 4032 ⁴
878 4004 1043 4054 Visitalionis.

227 4064 239 4095 ⁶
255 4068 301 4116 SS.
317 4069 381 4117 Peu.
395 4080 422 4117 et
435 4070 503 4119 Paul.
850 4066 861 4098 ⁶
876 4070 1004 4119 solennis:
1021 4070 1077 4118 add.
1091 4068 1132 4129 87,
1144 4068 1184 4118 88.

227 4130 238 4162 '¹
254 4133 364 4197 aichiep.
378 4144 450 4183 mart.
853 4132 864 4163 ⁸
881 4135 965 4199 priusz
981 4136 1038 4183 add.
1051 4144 1093 4195 97,
1104 4146 1135 4183 οι

227 4193 282 4233 ’-’
297 4200 437 4263 antiphona
447 4201 541 4249 Etemi
546 4201 631 4264 patris
641 4208 667 4250 et
677 4200 753 4250 ceteri
765 4199 855 4265 psalmi
867 4200 898 4249 de
910 4209 996 4249 sancta
1008 4200 1090 4248 Maria
1100 4211 1182 4249 cetera
1194 4200 1257 4249 sicut
1263 4201 1296 4250 ad
1304 4201 1398 4266 primas

193 4275 453 4379 νεῗβαῐὲἶίἓὲἆὲἐε
464 4340 504 4379 el:
522 4339 609 4394 supra,
623 4347 647 4395 p.
663 4344 719 4390 201,
731 4331 784 4380 sub.
802 4343 811 4377 1
828 4331 855 4380 C.
869 4332 920 4378 also
931 4332 987 4379 add.
1001 4348 1007 4379 :
1026 4329 1104 4379 Adii.
1119 4346 1187 4395 vesp.

226 4390 245 4421 ¹¹
263 4394 366 4459 Septem
379 4396 399 4443 F
400 4396 513 4445 ratribus.
793 4393 814 4424 ¹²
830 4397 870 4444 i.e.
885 4412 958 4444 mem.
973 4395 1005 4444 de
1019 4395 1160 4454 Dominica,
1173 4398 1240 4446 etde
1252 4396 1383 4447 Trinitate.

226 4455 300 4493 ¹³-¹⁴
315 4472 418 4509 octauas
430 4461 490 4510 fiat:
507 4460 549 4520 87,
562 4460 601 4510 88.
790 4459 810 4490 ¹⁴
825 4461 872 4509 sub
884 4462 930 4510 hac
942 4461 1022 4509 forma
1035 4462 1079 4522 for
1089 4462 1133 4511 tali
1145 4480 1151 4511 ι
1169 4461 1211 4523 87,
1224 4461 1263 4511 88.

227 4522 247 4552 ¹³
263 4534 288 4572 et
299 4524 376 4588 before
388 4526 480 4575 missa:
497 4525 538 4586 87,
552 4526 592 4575 88.

284 4604 366 4654 PICA
387 4606 527 4656 SARUM.
1286 4608 1311 4673 Q
