<?xml version="1.0" encoding="UTF-8"?>
<!DOCTYPE html PUBLIC "-//W3C//DTD XHTML 1.0 Transitional//EN"
    "http://www.w3.org/TR/xhtml1/DTD/xhtml1-transitional.dtd">
<html xmlns="http://www.w3.org/1999/xhtml" xml:lang="en" lang="en">
 <head>
  <title>
</title>
<meta http-equiv="Content-Type" content="text/html;charset=utf-8" />
  <meta name='ocr-system' content='tesseract 3.04.00' />
  <meta name='ocr-capabilities' content='ocr_page ocr_carea ocr_par ocr_line ocrx_word'/>
</head>
<body>
  <div class='ocr_page' id='page_1' title='image "./ordinalesarvmsi00cathgoog/ordinalesarvmsi00cathgoog_0411.png"; bbox 0 0 3316 5220; ppageno 0'>
   <div class='ocr_carea' id='block_1_1' title="bbox 261 446 1166 519">
    <p class='ocr_par' dir='ltr' id='par_1_1' title="bbox 261 446 1166 519">
     <span class='ocr_line' id='line_1_1' title="bbox 261 446 1166 519; baseline 0.001 -14"><span class='ocrx_word' id='word_1_1' title='bbox 261 469 320 519; x_wconf 84' lang='lat'><em>292</em></span> <span class='ocrx_word' id='word_1_2' title='bbox 599 457 719 506; x_wconf 84' lang='lat' dir='ltr'><em>DIREC</em></span> <span class='ocrx_word' id='word_1_3' title='bbox 723 456 747 505; x_wconf 89' lang='grc' dir='ltr'><em>Τ</em></span> <span class='ocrx_word' id='word_1_4' title='bbox 744 446 873 507; x_wconf 68' lang='lat' dir='ltr'><em>teniat!</em></span> <span class='ocrx_word' id='word_1_5' title='bbox 901 456 1166 508; x_wconf 80' lang='lat' dir='ltr'><em>SACERDOTUM.</em></span> 
     </span>
    </p>
   </div>
   <div class='ocr_carea' id='block_1_2' title="bbox 274 609 1484 781">
    <p class='ocr_par' dir='ltr' id='par_1_2' title="bbox 274 609 1484 781">
     <span class='ocr_line' id='line_1_2' title="bbox 315 609 1484 692; baseline -0.001 -19"><span class='ocrx_word' id='word_1_6' title='bbox 315 615 349 685; x_wconf 98' lang='grc' dir='ltr'><em>(Ι</em></span> <span class='ocrx_word' id='word_1_7' title='bbox 373 610 471 673; x_wconf 85' lang='lat' dir='ltr'><em>Feria</em></span> <span class='ocrx_word' id='word_1_8' title='bbox 492 609 531 674; x_wconf 85' lang='lat' dir='ltr'><em>ii.</em></span> <span class='ocrx_word' id='word_1_9' title='bbox 555 609 606 674; x_wconf 85' lang='lat' dir='ltr'>iii.</span> <span class='ocrx_word' id='word_1_10' title='bbox 623 620 657 673; x_wconf 92' lang='lat' dir='ltr'><em>et</em></span> <span class='ocrx_word' id='word_1_11' title='bbox 672 630 720 686; x_wconf 62' lang='lat' dir='ltr'><em>nn,</em></span> <span class='ocrx_word' id='word_1_12' title='bbox 742 610 785 673; x_wconf 91' lang='lat' dir='ltr'><em>de</em></span> <span class='ocrx_word' id='word_1_13' title='bbox 808 609 938 674; x_wconf 90' lang='lat' dir='ltr'><em>ieiunio.</em></span> <span class='ocrx_word' id='word_1_14' title='bbox 985 611 1031 674; x_wconf 88' lang='lat' dir='ltr'><em>Et</em></span> <span class='ocrx_word' id='word_1_15' title='bbox 1054 610 1087 673; x_wconf 92' lang='lat' dir='ltr'><em>in</em></span> <span class='ocrx_word' id='word_1_16' title='bbox 1111 609 1229 692; x_wconf 89' lang='lat' dir='ltr'><em>quinta</em></span> <span class='ocrx_word' id='word_1_17' title='bbox 1252 609 1334 674; x_wconf 83' lang='lat' dir='ltr'><em>feria</em></span> <span class='ocrx_word' id='word_1_18' title='bbox 1357 609 1484 673; x_wconf 80' lang='lat' dir='ltr'>dicitur</span> 
     </span>
     <span class='ocr_line' id='line_1_3' title="bbox 274 695 673 781; baseline 0 -21"><span class='ocrx_word' id='word_1_19' title='bbox 274 697 537 781; x_wconf 86' lang='lat' dir='ltr'><em>Responsorium</em></span> <span class='ocrx_word' id='word_1_20' title='bbox 554 695 673 760; x_wconf 83' lang='lat' dir='ltr'><em>feriale.</em></span> 
     </span>
    </p>
   </div>
   <div class='ocr_carea' id='block_1_3' title="bbox 272 894 1484 1065">
    <p class='ocr_par' dir='ltr' id='par_1_3' title="bbox 272 894 1484 1065">
     <span class='ocr_line' id='line_1_4' title="bbox 273 894 1484 979; baseline 0.001 -22"><span class='ocrx_word' id='word_1_21' title='bbox 273 894 491 960; x_wconf 86' lang='lat' dir='ltr'><em>Istesanctus.</em></span> <span class='ocrx_word' id='word_1_22' title='bbox 536 894 729 979; x_wconf 88' lang='lat' dir='ltr'>Capitulum</span> <span class='ocrx_word' id='word_1_23' title='bbox 753 895 875 959; x_wconf 79' lang='lat' dir='ltr'><em>Beatus</em></span> <span class='ocrx_word' id='word_1_24' title='bbox 896 895 960 972; x_wconf 82' lang='lat' dir='ltr'><em>ve&#39;r,</em></span> <span class='ocrx_word' id='word_1_25' title='bbox 974 895 1035 977; x_wconf 83' lang='lat' dir='ltr'><em>qui</em></span> <span class='ocrx_word' id='word_1_26' title='bbox 1054 895 1090 958; x_wconf 80' lang='lat' dir='ltr'><em>in</em></span> <span class='ocrx_word' id='word_1_27' title='bbox 1112 896 1297 978; x_wconf 81' lang='lat' dir='ltr'><em>sapientia:</em></span> <span class='ocrx_word' id='word_1_28' title='bbox 1324 897 1484 979; x_wconf 83' lang='lat' dir='ltr'><em>Respon-</em></span> 
     </span>
     <span class='ocr_line' id='line_1_5' title="bbox 272 980 826 1065; baseline 0.004 -20"><span class='ocrx_word' id='word_1_29' title='bbox 272 983 396 1046; x_wconf 88' lang='lat' dir='ltr'>sorium</span> <span class='ocrx_word' id='word_1_30' title='bbox 411 982 535 1046; x_wconf 85' lang='lat' dir='ltr'><em>Beatus</em></span> <span class='ocrx_word' id='word_1_31' title='bbox 548 982 611 1059; x_wconf 83' lang='lat' dir='ltr'><em>vir,</em></span> <span class='ocrx_word' id='word_1_32' title='bbox 626 982 687 1064; x_wconf 83' lang='lat' dir='ltr'><em>qui</em></span> <span class='ocrx_word' id='word_1_33' title='bbox 701 980 826 1065; x_wconf 87' lang='lat' dir='ltr'><em>suffert.</em></span> 
     </span>
    </p>
   </div>
   <div class='ocr_carea' id='block_1_4' title="bbox 272 1093 1484 1265">
    <p class='ocr_par' dir='ltr' id='par_1_4' title="bbox 272 1093 1484 1265">
     <span class='ocr_line' id='line_1_6' title="bbox 314 1093 1484 1196; baseline 0.002 -40"><span class='ocrx_word' id='word_1_34' title='bbox 314 1101 349 1171; x_wconf 90' lang='grc' dir='ltr'><em>(Ι</em></span> <span class='ocrx_word' id='word_1_35' title='bbox 373 1094 469 1196; x_wconf 65' lang='lat' dir='ltr'><em>lJeria</em></span> <span class='ocrx_word' id='word_1_36' title='bbox 506 1095 564 1171; x_wconf 84' lang='lat' dir='ltr'>.vi.,</span> <span class='ocrx_word' id='word_1_37' title='bbox 612 1094 656 1158; x_wconf 92' lang='lat' dir='ltr'><em>de</em></span> <span class='ocrx_word' id='word_1_38' title='bbox 693 1104 810 1158; x_wconf 83' lang='lat' dir='ltr'><em>sancto</em></span> <span class='ocrx_word' id='word_1_39' title='bbox 859 1093 1063 1159; x_wconf 75' lang='lat' dir='ltr'><em>cuthberto:</em></span> <span class='ocrx_word' id='word_1_40' title='bbox 1109 1095 1153 1159; x_wconf 87' lang='lat' dir='ltr'><em>ix.</em></span> <span class='ocrx_word' id='word_1_41' title='bbox 1201 1094 1359 1159; x_wconf 88' lang='lat' dir='ltr'><em>lectiones</em></span> <span class='ocrx_word' id='word_1_42' title='bbox 1406 1094 1484 1158; x_wconf 85' lang='lat' dir='ltr'><em>sine</em></span> 
     </span>
     <span class='ocr_line' id='line_1_7' title="bbox 272 1192 491 1265; baseline 0 -20"><span class='ocrx_word' id='word_1_43' title='bbox 272 1192 491 1265; x_wconf 79' lang='lat' dir='ltr'><em>expositione.</em></span> 
     </span>
    </p>
   </div>
   <div class='ocr_carea' id='block_1_5' title="bbox 271 1292 1484 1546">
    <p class='ocr_par' dir='ltr' id='par_1_5' title="bbox 271 1292 1484 1546">
     <span class='ocr_line' id='line_1_8' title="bbox 314 1292 1483 1371; baseline -0.003 -12"><span class='ocrx_word' id='word_1_44' title='bbox 314 1299 349 1369; x_wconf 90' lang='grc' dir='ltr'><em>(Ι</em></span> <span class='ocrx_word' id='word_1_45' title='bbox 372 1292 532 1371; x_wconf 87' lang='lat' dir='ltr'><em>Sabbato,</em></span> <span class='ocrx_word' id='word_1_46' title='bbox 564 1295 607 1358; x_wconf 91' lang='lat' dir='ltr'><em>de</em></span> <span class='ocrx_word' id='word_1_47' title='bbox 644 1302 761 1358; x_wconf 89' lang='lat' dir='ltr'><em>sancto</em></span> <span class='ocrx_word' id='word_1_48' title='bbox 792 1293 994 1358; x_wconf 88' lang='lat' dir='ltr'><em>Benedicto:</em></span> <span class='ocrx_word' id='word_1_49' title='bbox 1033 1293 1077 1357; x_wconf 88' lang='lat' dir='ltr'><em>ix.</em></span> <span class='ocrx_word' id='word_1_50' title='bbox 1109 1292 1278 1368; x_wconf 85' lang='lat' dir='ltr'><em>lectiones,</em></span> <span class='ocrx_word' id='word_1_51' title='bbox 1315 1294 1387 1358; x_wconf 91' lang='lat' dir='ltr'><em>sine</em></span> <span class='ocrx_word' id='word_1_52' title='bbox 1417 1314 1483 1358; x_wconf 85' lang='lat' dir='ltr'><em>ex-</em></span> 
     </span>
     <span class='ocr_line' id='line_1_9' title="bbox 272 1379 1484 1463; baseline 0.001 -21"><span class='ocrx_word' id='word_1_53' title='bbox 272 1379 445 1461; x_wconf 84' lang='lat' dir='ltr'><em>positione.</em></span> <span class='ocrx_word' id='word_1_54' title='bbox 499 1380 555 1445; x_wconf 88' lang='lat' dir='ltr'><em>Ad</em></span> <span class='ocrx_word' id='word_1_55' title='bbox 586 1400 742 1463; x_wconf 86' lang='lat' dir='ltr'><em>vesperas</em></span> <span class='ocrx_word' id='word_1_56' title='bbox 764 1380 807 1445; x_wconf 90' lang='lat' dir='ltr'><em>de</em></span> <span class='ocrx_word' id='word_1_57' title='bbox 829 1380 1007 1459; x_wconf 85' lang='lat' dir='ltr'>dominica,</span> <span class='ocrx_word' id='word_1_58' title='bbox 1030 1379 1133 1445; x_wconf 89' lang='lat' dir='ltr'>nulla¹</span> <span class='ocrx_word' id='word_1_59' title='bbox 1161 1379 1219 1445; x_wconf 79' lang='lat' dir='ltr'><em>fiat</em></span> <span class='ocrx_word' id='word_1_60' title='bbox 1246 1382 1408 1445; x_wconf 85' lang='lat' dir='ltr'>memoria</span> <span class='ocrx_word' id='word_1_61' title='bbox 1434 1380 1484 1445; x_wconf 85' lang='lat' dir='ltr'><em>dc</em></span> 
     </span>
     <span class='ocr_line' id='line_1_10' title="bbox 271 1466 967 1546; baseline 0.001 -17"><span class='ocrx_word' id='word_1_62' title='bbox 271 1476 390 1531; x_wconf 82' lang='lat' dir='ltr'><em>sancto</em></span> <span class='ocrx_word' id='word_1_63' title='bbox 405 1467 599 1546; x_wconf 88' lang='lat' dir='ltr'><em>Benedicto,</em></span> <span class='ocrx_word' id='word_1_64' title='bbox 613 1467 795 1533; x_wconf 90' lang='lat' dir='ltr'><em>secundum</em></span> <span class='ocrx_word' id='word_1_65' title='bbox 811 1466 967 1531; x_wconf 83' lang='lat' dir='ltr'><em>ordinale.</em></span> 
     </span>
    </p>
   </div>
   <div class='ocr_carea' id='block_1_6' title="bbox 271 1579 1446 1664">
    <p class='ocr_par' dir='ltr' id='par_1_6' title="bbox 271 1579 1446 1664">
     <span class='ocr_line' id='line_1_11' title="bbox 271 1579 1446 1664; baseline -0.003 -16"><span class='ocrx_word' id='word_1_66' title='bbox 271 1594 344 1649; x_wconf 64' lang='lat' dir='ltr'>Mar,</span> <span class='ocrx_word' id='word_1_67' title='bbox 358 1591 413 1664; x_wconf 69' lang='grc' dir='ltr'><em>η]</em></span> <span class='ocrx_word' id='word_1_68' title='bbox 444 1585 478 1656; x_wconf 87' lang='grc' dir='ltr'><em>(Ι</em></span> <span class='ocrx_word' id='word_1_69' title='bbox 501 1580 681 1643; x_wconf 87' lang='lat' dir='ltr'>Dominica</span> <span class='ocrx_word' id='word_1_70' title='bbox 697 1579 730 1642; x_wconf 91' lang='lat' dir='ltr'><em>in</em></span> <span class='ocrx_word' id='word_1_71' title='bbox 748 1579 907 1643; x_wconf 85' lang='lat' dir='ltr'><em>Passione</em></span> <span class='ocrx_word' id='word_1_72' title='bbox 922 1579 1070 1655; x_wconf 84' lang='lat' dir='ltr'>Domini,</span> <span class='ocrx_word' id='word_1_73' title='bbox 1086 1588 1196 1644; x_wconf 91' lang='lat' dir='ltr'><em>totum</em></span> <span class='ocrx_word' id='word_1_74' title='bbox 1212 1581 1255 1644; x_wconf 93' lang='lat' dir='ltr'><em>de</em></span> <span class='ocrx_word' id='word_1_75' title='bbox 1270 1580 1446 1645; x_wconf 60' lang='lat' dir='ltr'>dominica„</span> 
     </span>
    </p>
   </div>
   <div class='ocr_carea' id='block_1_7' title="bbox 269 1692 1484 1935">
    <p class='ocr_par' dir='ltr' id='par_1_7' title="bbox 269 1692 1484 1935">
     <span class='ocr_line' id='line_1_12' title="bbox 313 1692 1484 1777; baseline -0.003 -16"><span class='ocrx_word' id='word_1_76' title='bbox 313 1703 348 1773; x_wconf 91' lang='grc' dir='ltr'><em>(Ι</em></span> <span class='ocrx_word' id='word_1_77' title='bbox 371 1695 468 1760; x_wconf 82' lang='lat' dir='ltr'><em>Feria</em></span> <span class='ocrx_word' id='word_1_78' title='bbox 483 1695 522 1760; x_wconf 86' lang='lat' dir='ltr'><em>ii.</em></span> <span class='ocrx_word' id='word_1_79' title='bbox 538 1695 590 1759; x_wconf 88' lang='lat' dir='ltr'>iii.</span> <span class='ocrx_word' id='word_1_80' title='bbox 613 1715 650 1758; x_wconf 88' lang='grc' dir='ltr'><em>.ν.</em></span> <span class='ocrx_word' id='word_1_81' title='bbox 674 1693 733 1769; x_wconf 84' lang='grc' dir='ltr'><em>.νί.,</em></span> <span class='ocrx_word' id='word_1_82' title='bbox 756 1702 789 1756; x_wconf 89' lang='lat' dir='ltr'><em>et</em></span> <span class='ocrx_word' id='word_1_83' title='bbox 812 1692 963 1769; x_wconf 89' lang='lat' dir='ltr'><em>sabbato,</em></span> <span class='ocrx_word' id='word_1_84' title='bbox 986 1692 1029 1756; x_wconf 90' lang='lat' dir='ltr'><em>de</em></span> <span class='ocrx_word' id='word_1_85' title='bbox 1052 1692 1182 1758; x_wconf 90' lang='lat' dir='ltr'><em>ieiunio.</em></span> <span class='ocrx_word' id='word_1_86' title='bbox 1228 1692 1275 1757; x_wconf 88' lang='lat' dir='ltr'><em>Et</em></span> <span class='ocrx_word' id='word_1_87' title='bbox 1300 1696 1332 1757; x_wconf 92' lang='lat' dir='ltr'><em>in</em></span> <span class='ocrx_word' id='word_1_88' title='bbox 1357 1695 1484 1777; x_wconf 87' lang='lat' dir='ltr'><em>quinta</em></span> 
     </span>
     <span class='ocr_line' id='line_1_13' title="bbox 269 1778 1484 1935; baseline -0.003 -88"><span class='ocrx_word' id='word_1_89' title='bbox 269 1783 514 1935; x_wconf 48' lang='lat' dir='ltr'><em>igssiliggssstm&#39;</em></span> <span class='ocrx_word' id='word_1_90' title='bbox 552 1792 710 1845; x_wconf 88' lang='lat' dir='ltr'><em>octauum</em></span> <span class='ocrx_word' id='word_1_91' title='bbox 750 1779 1014 1862; x_wconf 86' lang='lat' dir='ltr'><em>Responsorium</em></span> <span class='ocrx_word' id='word_1_92' title='bbox 1052 1778 1198 1857; x_wconf 88' lang='lat' dir='ltr'><em>historie,</em></span> <span class='ocrx_word' id='word_1_93' title='bbox 1228 1801 1306 1845; x_wconf 91' lang='lat' dir='ltr'><em>cum</em></span> <span class='ocrx_word' id='word_1_94' title='bbox 1344 1782 1484 1846; x_wconf 87' lang='lat' dir='ltr'>duobus</span> 
     </span>
    </p>
   </div>
   <div class='ocr_carea' id='block_1_8' title="bbox 270 2066 1463 2267">
    <p class='ocr_par' dir='ltr' id='par_1_8' title="bbox 270 2066 1463 2267">
     <span class='ocr_line' id='line_1_14' title="bbox 270 2066 809 2133; baseline -0.007 -1"><span class='ocrx_word' id='word_1_95' title='bbox 270 2069 429 2132; x_wconf 81' lang='lat' dir='ltr'><em>solennis⁸</em></span> <span class='ocrx_word' id='word_1_96' title='bbox 444 2068 605 2133; x_wconf 89' lang='lat' dir='ltr'><em>memoria</em></span> <span class='ocrx_word' id='word_1_97' title='bbox 620 2067 663 2130; x_wconf 92' lang='lat' dir='ltr'><em>de</em></span> <span class='ocrx_word' id='word_1_98' title='bbox 679 2066 809 2130; x_wconf 85' lang='lat' dir='ltr'><em>ieiunio.</em></span> 
     </span>
     <span class='ocr_line' id='line_1_15' title="bbox 270 2175 1463 2267; baseline -0.008 -15"><span class='ocrx_word' id='word_1_99' title='bbox 270 2197 343 2252; x_wconf 83' lang='lat' dir='ltr'>Mar.</span> <span class='ocrx_word' id='word_1_100' title='bbox 357 2193 413 2267; x_wconf 85' lang='lat'><strong>²9·]</strong></span> <span class='ocrx_word' id='word_1_101' title='bbox 443 2187 477 2258; x_wconf 90' lang='grc' dir='ltr'><em>(Ι</em></span> <span class='ocrx_word' id='word_1_102' title='bbox 501 2179 680 2244; x_wconf 83' lang='lat' dir='ltr'>Dominica</span> <span class='ocrx_word' id='word_1_103' title='bbox 695 2178 729 2241; x_wconf 94' lang='lat' dir='ltr'><em>in</em></span> <span class='ocrx_word' id='word_1_104' title='bbox 745 2176 846 2240; x_wconf 89' lang='lat' dir='ltr'><em>ramis</em></span> <span class='ocrx_word' id='word_1_105' title='bbox 863 2175 1073 2240; x_wconf 82' lang='lat' dir='ltr'>Palmamm:</span> <span class='ocrx_word' id='word_1_106' title='bbox 1096 2186 1205 2241; x_wconf 86' lang='lat' dir='ltr'><em>totum</em></span> <span class='ocrx_word' id='word_1_107' title='bbox 1221 2177 1265 2242; x_wconf 88' lang='lat' dir='ltr'><em>de</em></span> <span class='ocrx_word' id='word_1_108' title='bbox 1285 2177 1463 2242; x_wconf 84' lang='lat' dir='ltr'>dominica.</span> 
     </span>
    </p>
   </div>
   <div class='ocr_carea' id='block_1_9' title="bbox 269 2287 1482 2859">
    <p class='ocr_par' dir='ltr' id='par_1_9' title="bbox 271 2287 1481 2451">
     <span class='ocr_line' id='line_1_16' title="bbox 312 2287 1481 2376; baseline -0.009 -11"><span class='ocrx_word' id='word_1_109' title='bbox 312 2305 346 2376; x_wconf 90' lang='grc' dir='ltr'><em>(Ι</em></span> <span class='ocrx_word' id='word_1_110' title='bbox 370 2297 467 2362; x_wconf 88' lang='lat' dir='ltr'><em>Feria</em></span> <span class='ocrx_word' id='word_1_111' title='bbox 492 2295 542 2370; x_wconf 86' lang='lat' dir='ltr'>.ii.,</span> <span class='ocrx_word' id='word_1_112' title='bbox 572 2293 619 2355; x_wconf 63' lang='grc' dir='ltr'><em>εἰ*</em></span> <span class='ocrx_word' id='word_1_113' title='bbox 649 2290 766 2355; x_wconf 87' lang='lat' dir='ltr'><em>ceteris</em></span> <span class='ocrx_word' id='word_1_114' title='bbox 797 2288 885 2352; x_wconf 80' lang='lat' dir='ltr'><em>feriis</em></span> <span class='ocrx_word' id='word_1_115' title='bbox 907 2308 968 2371; x_wconf 86' lang='lat' dir='ltr'><em>per</em></span> <span class='ocrx_word' id='word_1_116' title='bbox 993 2287 1252 2369; x_wconf 86' lang='lat' dir='ltr'><em>hebdomadam,</em></span> <span class='ocrx_word' id='word_1_117' title='bbox 1275 2290 1318 2354; x_wconf 87' lang='lat' dir='ltr'><em>de</em></span> <span class='ocrx_word' id='word_1_118' title='bbox 1343 2290 1481 2355; x_wconf 90' lang='lat' dir='ltr'><em>ieiunio.</em></span> 
     </span>
     <span class='ocr_line' id='line_1_17' title="bbox 271 2378 739 2451; baseline -0.021 0"><span class='ocrx_word' id='word_1_119' title='bbox 271 2385 377 2451; x_wconf 76' lang='lat' dir='ltr'>Nihil⁵</span> <span class='ocrx_word' id='word_1_120' title='bbox 392 2386 436 2449; x_wconf 92' lang='lat' dir='ltr'><em>de</em></span> <span class='ocrx_word' id='word_1_121' title='bbox 451 2390 568 2447; x_wconf 90' lang='lat' dir='ltr'><em>sancto</em></span> <span class='ocrx_word' id='word_1_122' title='bbox 584 2378 739 2442; x_wconf 84' lang='lat' dir='ltr'>Ricardo.</span> 
     </span>
    </p>

    <p class='ocr_par' dir='ltr' id='par_1_10' title="bbox 271 2485 1481 2676">
     <span class='ocr_line' id='line_1_18' title="bbox 312 2485 1481 2575; baseline -0.009 -11"><span class='ocrx_word' id='word_1_123' title='bbox 312 2505 347 2575; x_wconf 91' lang='grc' dir='ltr'><em>(Ι</em></span> <span class='ocrx_word' id='word_1_124' title='bbox 370 2499 508 2561; x_wconf 88' lang='lat' dir='ltr'><em>Festum</em></span> <span class='ocrx_word' id='word_1_125' title='bbox 538 2490 645 2556; x_wconf 84' lang='lat' dir='ltr'><em>sancti</em></span> <span class='ocrx_word' id='word_1_126' title='bbox 675 2487 847 2552; x_wconf 85' lang='lat' dir='ltr'>Ambrosii</span> <span class='ocrx_word' id='word_1_127' title='bbox 874 2485 1046 2552; x_wconf 82' lang='lat' dir='ltr'><em>differatur</em></span> <span class='ocrx_word' id='word_1_128' title='bbox 1071 2508 1176 2571; x_wconf 90' lang='lat' dir='ltr'><em>vsque</em></span> <span class='ocrx_word' id='word_1_129' title='bbox 1205 2489 1249 2553; x_wconf 85' lang='lat' dir='ltr'><em>ad</em></span> <span class='ocrx_word' id='word_1_130' title='bbox 1279 2490 1353 2554; x_wconf 74' lang='lat' dir='ltr'><em>‚xvi</em></span> <span class='ocrx_word' id='word_1_131' title='bbox 1384 2490 1481 2554; x_wconf 90' lang='lat' dir='ltr'><em>diem</em></span> 
     </span>
     <span class='ocr_line' id='line_1_19' title="bbox 271 2586 604 2676; baseline -0.021 -26"><span class='ocrx_word' id='word_1_132' title='bbox 271 2586 420 2669; x_wconf 74' lang='lat' dir='ltr'><em>Aprilis.⁶</em></span> <span class='ocrx_word' id='word_1_133' title='bbox 602 2673 604 2676; x_wconf 8' lang='lat' dir='ltr'>y</span> 
     </span>
    </p>

    <p class='ocr_par' dir='ltr' id='par_1_11' title="bbox 269 2687 1482 2859">
     <span class='ocr_line' id='line_1_20' title="bbox 312 2687 1482 2775; baseline -0.009 -12"><span class='ocrx_word' id='word_1_134' title='bbox 312 2704 346 2775; x_wconf 90' lang='grc' dir='ltr'><em>(Ι</em></span> <span class='ocrx_word' id='word_1_135' title='bbox 369 2696 467 2761; x_wconf 78' lang='lat' dir='ltr'><em>Feria</em></span> <span class='ocrx_word' id='word_1_136' title='bbox 481 2693 532 2758; x_wconf 85' lang='lat' dir='ltr'>iii.</span> <span class='ocrx_word' id='word_1_137' title='bbox 547 2691 715 2756; x_wconf 78' lang='lat' dir='ltr'>dicuntur⁷</span> <span class='ocrx_word' id='word_1_138' title='bbox 726 2687 881 2770; x_wconf 86' lang='lat' dir='ltr'><em>Exequie</em></span> <span class='ocrx_word' id='word_1_139' title='bbox 893 2687 1112 2765; x_wconf 87' lang='lat' dir='ltr'>Mortuorum,</span> <span class='ocrx_word' id='word_1_140' title='bbox 1122 2707 1198 2751; x_wconf 90' lang='lat' dir='ltr'><em>cum</em></span> <span class='ocrx_word' id='word_1_141' title='bbox 1214 2687 1259 2754; x_wconf 87' lang='lat' dir='ltr'><em>ix.</em></span> <span class='ocrx_word' id='word_1_142' title='bbox 1270 2687 1482 2763; x_wconf 82' lang='lat' dir='ltr'><em>lectionibus,</em></span> 
     </span>
     <span class='ocr_line' id='line_1_21' title="bbox 269 2775 1480 2859; baseline -0.009 -9"><span class='ocrx_word' id='word_1_143' title='bbox 269 2794 303 2850; x_wconf 89' lang='lat' dir='ltr'><em>et</em></span> <span class='ocrx_word' id='word_1_144' title='bbox 334 2786 436 2849; x_wconf 88' lang='lat' dir='ltr'><em>missa</em></span> <span class='ocrx_word' id='word_1_145' title='bbox 473 2782 507 2845; x_wconf 92' lang='lat' dir='ltr'><em>in</em></span> <span class='ocrx_word' id='word_1_146' title='bbox 545 2777 698 2842; x_wconf 83' lang='lat' dir='ltr'><em>crastino.</em></span> <span class='ocrx_word' id='word_1_147' title='bbox 758 2775 929 2858; x_wconf 86' lang='lat' dir='ltr'><em>Deinceps</em></span> <span class='ocrx_word' id='word_1_148' title='bbox 966 2794 1034 2838; x_wconf 92' lang='lat' dir='ltr'><em>non</em></span> <span class='ocrx_word' id='word_1_149' title='bbox 1068 2775 1231 2852; x_wconf 88' lang='lat' dir='ltr'>dicantur,</span> <span class='ocrx_word' id='word_1_150' title='bbox 1268 2796 1373 2858; x_wconf 90' lang='lat' dir='ltr'><em>vsque</em></span> <span class='ocrx_word' id='word_1_151' title='bbox 1398 2787 1480 2859; x_wconf 87' lang='lat' dir='ltr'><em>post</em></span> 
     </span>
    </p>
   </div>
   <div class='ocr_carea' id='block_1_10' title="bbox 270 2868 1481 3136">
    <p class='ocr_par' dir='ltr' id='par_1_12' title="bbox 270 2868 1481 3136">
     <span class='ocr_line' id='line_1_22' title="bbox 270 2868 723 2945; baseline -0.022 -8"><span class='ocrx_word' id='word_1_152' title='bbox 270 2872 481 2945; x_wconf 84' lang='lat' dir='ltr'><em>Trinitatem,</em></span> <span class='ocrx_word' id='word_1_153' title='bbox 497 2868 530 2931; x_wconf 89' lang='lat' dir='ltr'><em>in</em></span> <span class='ocrx_word' id='word_1_154' title='bbox 547 2874 723 2930; x_wconf 87' lang='lat' dir='ltr'><em>conuentu.</em></span> 
     </span>
     <span class='ocr_line' id='line_1_23' title="bbox 311 2972 1481 3061; baseline -0.01 -11"><span class='ocrx_word' id='word_1_155' title='bbox 311 2990 345 3061; x_wconf 93' lang='grc' dir='ltr'><em>(Ι</em></span> <span class='ocrx_word' id='word_1_156' title='bbox 369 2982 530 3057; x_wconf 82' lang='lat' dir='ltr'><em>Sabbato,</em></span> <span class='ocrx_word' id='word_1_157' title='bbox 546 2979 579 3042; x_wconf 90' lang='lat' dir='ltr'><em>in</em></span> <span class='ocrx_word' id='word_1_158' title='bbox 595 2976 708 3061; x_wconf 81' lang='lat' dir='ltr'>vigilia</span> <span class='ocrx_word' id='word_1_159' title='bbox 726 2973 861 3051; x_wconf 87' lang='lat' dir='ltr'><em>Pasche,</em></span> <span class='ocrx_word' id='word_1_160' title='bbox 883 2972 1014 3057; x_wconf 83' lang='lat' dir='ltr'><em>legatur</em></span> <span class='ocrx_word' id='word_1_161' title='bbox 1035 2973 1247 3056; x_wconf 81' lang='lat' dir='ltr'><em>euangelium</em></span> <span class='ocrx_word' id='word_1_162' title='bbox 1271 2994 1347 3038; x_wconf 90' lang='lat' dir='ltr'><em>cum</em></span> <span class='ocrx_word' id='word_1_163' title='bbox 1372 2975 1481 3039; x_wconf 84' lang='lat' dir='ltr'><em>cereis</em></span> 
     </span>
     <span class='ocr_line' id='line_1_24' title="bbox 270 3071 437 3136; baseline -0.006 -1"><span class='ocrx_word' id='word_1_164' title='bbox 270 3071 437 3136; x_wconf 87' lang='lat' dir='ltr'><em>extinctis.</em></span> 
     </span>
    </p>
   </div>
   <div class='ocr_carea' id='block_1_11' title="bbox 270 3172 1481 3332">
    <p class='ocr_par' dir='ltr' id='par_1_13' title="bbox 270 3172 1481 3332">
     <span class='ocr_line' id='line_1_25' title="bbox 270 3172 1481 3332; baseline -0.031 -77"><span class='ocrx_word' id='word_1_165' title='bbox 270 3236 316 3306; x_wconf 85' lang='lat' dir='ltr'><em>Ap</em></span> <span class='ocrx_word' id='word_1_166' title='bbox 318 3252 338 3290; x_wconf 36' lang='lat' dir='ltr'><em>r·</em></span> <span class='ocrx_word' id='word_1_167' title='bbox 353 3230 389 3305; x_wconf 47' lang='lat'><em>5]</em></span> <span class='ocrx_word' id='word_1_168' title='bbox 444 3187 478 3332; x_wconf 52' lang='grc' dir='ltr'><em>(Ι</em></span> <span class='ocrx_word' id='word_1_169' title='bbox 497 3179 568 3332; x_wconf 65' lang='lat' dir='ltr'><em>tDie</em></span> <span class='ocrx_word' id='word_1_170' title='bbox 585 3178 696 3253; x_wconf 88' lang='lat' dir='ltr'><em>Pasce,</em></span> <span class='ocrx_word' id='word_1_171' title='bbox 707 3184 742 3238; x_wconf 90' lang='lat' dir='ltr'><em>et</em></span> <span class='ocrx_word' id='word_1_172' title='bbox 757 3193 817 3256; x_wconf 86' lang='lat' dir='ltr'><em>per</em></span> <span class='ocrx_word' id='word_1_173' title='bbox 827 3172 1204 3251; x_wconf 78' lang='lat' dir='ltr'><em>hebdomadamtotum</em></span> <span class='ocrx_word' id='word_1_174' title='bbox 1217 3175 1261 3239; x_wconf 71' lang='lat' dir='ltr'><em>de</em></span> <span class='ocrx_word' id='word_1_175' title='bbox 1275 3173 1481 3240; x_wconf 62' lang='lat' dir='ltr'><em>solennitate</em></span> 
     </span>
     <span class='ocr_line' id='line_1_26' title="bbox 460 3288 531 3332; baseline -0.014 0"><span class='ocrx_word' id='word_1_176' title='bbox 460 3288 497 3332; x_wconf 88' lang='lat' dir='ltr'><em>es</em></span> <span class='ocrx_word' id='word_1_177' title='bbox 513 3288 531 3331; x_wconf 79' lang='grc' dir='ltr'><em>ι.</em></span> 
     </span>
    </p>
   </div>
   <div class='ocr_carea' id='block_1_12' title="bbox 270 3372 1482 3634">
    <p class='ocr_par' dir='ltr' id='par_1_14' title="bbox 270 3372 1482 3634">
     <span class='ocr_line' id='line_1_27' title="bbox 313 3372 1482 3464; baseline -0.006 -19"><span class='ocrx_word' id='word_1_178' title='bbox 313 3388 347 3458; x_wconf 91' lang='grc' dir='ltr'><em>(Ι</em></span> <span class='ocrx_word' id='word_1_179' title='bbox 370 3379 517 3464; x_wconf 87' lang='lat' dir='ltr'><em>Quando</em></span> <span class='ocrx_word' id='word_1_180' title='bbox 533 3376 570 3442; x_wconf 88' lang='lat' dir='ltr'><em>fit</em></span> <span class='ocrx_word' id='word_1_181' title='bbox 585 3372 760 3440; x_wconf 85' lang='lat' dir='ltr'><em>seruicium</em></span> <span class='ocrx_word' id='word_1_182' title='bbox 776 3373 819 3437; x_wconf 90' lang='lat' dir='ltr'><em>de</em></span> <span class='ocrx_word' id='word_1_183' title='bbox 835 3373 949 3455; x_wconf 84' lang='lat' dir='ltr'>aliquo</span> <span class='ocrx_word' id='word_1_184' title='bbox 964 3381 1091 3450; x_wconf 88' lang='lat' dir='ltr'><em>saneto,</em></span> <span class='ocrx_word' id='word_1_185' title='bbox 1106 3372 1218 3456; x_wconf 83' lang='lat' dir='ltr'><em>aliqua</em></span> <span class='ocrx_word' id='word_1_186' title='bbox 1232 3372 1288 3437; x_wconf 90' lang='lat' dir='ltr'><em>die</em></span> <span class='ocrx_word' id='word_1_187' title='bbox 1308 3373 1482 3438; x_wconf 87' lang='lat' dir='ltr'>dominica</span> 
     </span>
     <span class='ocr_line' id='line_1_28' title="bbox 271 3458 1482 3553; baseline -0.007 -20"><span class='ocrx_word' id='word_1_188' title='bbox 271 3489 374 3553; x_wconf 84' lang='lat' dir='ltr'><em>vsque</em></span> <span class='ocrx_word' id='word_1_189' title='bbox 407 3468 451 3531; x_wconf 85' lang='lat' dir='ltr'><em>ad</em></span> <span class='ocrx_word' id='word_1_190' title='bbox 490 3464 732 3530; x_wconf 89' lang='lat' dir='ltr'><em>Ascensionem</em></span> <span class='ocrx_word' id='word_1_191' title='bbox 772 3460 920 3536; x_wconf 90' lang='lat' dir='ltr'>Domini,</span> <span class='ocrx_word' id='word_1_192' title='bbox 960 3458 1018 3523; x_wconf 86' lang='lat' dir='ltr'><em>fiat</em></span> <span class='ocrx_word' id='word_1_193' title='bbox 1054 3460 1201 3523; x_wconf 87' lang='lat' dir='ltr'><em>solennis</em></span> <span class='ocrx_word' id='word_1_194' title='bbox 1239 3460 1398 3524; x_wconf 86' lang='lat' dir='ltr'>memoria</span> <span class='ocrx_word' id='word_1_195' title='bbox 1434 3461 1482 3525; x_wconf 90' lang='lat' dir='ltr'><em>de</em></span> 
     </span>
     <span class='ocr_line' id='line_1_29' title="bbox 270 3546 1480 3634; baseline -0.007 -15"><span class='ocrx_word' id='word_1_196' title='bbox 270 3554 446 3631; x_wconf 80' lang='lat' dir='ltr'>dominica,</span> <span class='ocrx_word' id='word_1_197' title='bbox 463 3554 506 3618; x_wconf 88' lang='lat' dir='ltr'><em>ad</em></span> <span class='ocrx_word' id='word_1_198' title='bbox 522 3562 680 3634; x_wconf 88' lang='lat' dir='ltr'><em>vtrasque</em></span> <span class='ocrx_word' id='word_1_199' title='bbox 701 3567 866 3631; x_wconf 86' lang='lat' dir='ltr'><em>vesperas,</em></span> <span class='ocrx_word' id='word_1_200' title='bbox 882 3550 930 3610; x_wconf 82' lang='lat' dir='ltr'><em>et⁸</em></span> <span class='ocrx_word' id='word_1_201' title='bbox 946 3546 1137 3623; x_wconf 86' lang='lat' dir='ltr'><em>matutinas,</em></span> <span class='ocrx_word' id='word_1_202' title='bbox 1153 3547 1213 3612; x_wconf 85' lang='lat' dir='ltr'><em>sed</em></span> <span class='ocrx_word' id='word_1_203' title='bbox 1237 3567 1410 3630; x_wconf 90' lang='lat' dir='ltr'>nunquam</span> <span class='ocrx_word' id='word_1_204' title='bbox 1433 3551 1480 3612; x_wconf 83' lang='lat' dir='ltr'><em>ad</em></span> 
     </span>
    </p>
   </div>
   <div class='ocr_carea' id='block_1_13' title="bbox 271 3643 415 3707">
    <p class='ocr_par' dir='ltr' id='par_1_15' title="bbox 271 3643 415 3707">
     <span class='ocr_line' id='line_1_30' title="bbox 271 3643 415 3707; baseline 0 -1"><span class='ocrx_word' id='word_1_205' title='bbox 271 3643 415 3707; x_wconf 83' lang='lat' dir='ltr'><em>missam.</em></span> 
     </span>
    </p>
   </div>
   <div class='ocr_carea' id='block_1_14' title="bbox 272 3745 1485 3918">
    <p class='ocr_par' dir='ltr' id='par_1_16' title="bbox 272 3745 1485 3918">
     <span class='ocr_line' id='line_1_31' title="bbox 313 3745 1480 3832; baseline -0.006 -13"><span class='ocrx_word' id='word_1_206' title='bbox 313 3762 348 3832; x_wconf 91' lang='grc' dir='ltr'><em>(Ι</em></span> <span class='ocrx_word' id='word_1_207' title='bbox 371 3753 539 3819; x_wconf 90' lang='lat' dir='ltr'>Omnibus</span> <span class='ocrx_word' id='word_1_208' title='bbox 570 3748 663 3814; x_wconf 83' lang='lat' dir='ltr'><em>iestis</em></span> <span class='ocrx_word' id='word_1_209' title='bbox 696 3767 772 3811; x_wconf 90' lang='lat' dir='ltr'><em>cum</em></span> <span class='ocrx_word' id='word_1_210' title='bbox 803 3745 964 3829; x_wconf 86' lang='lat' dir='ltr'><em>regimine</em></span> <span class='ocrx_word' id='word_1_211' title='bbox 990 3745 1090 3821; x_wconf 89' lang='lat' dir='ltr'>chori,</span> <span class='ocrx_word' id='word_1_212' title='bbox 1121 3766 1227 3829; x_wconf 88' lang='lat' dir='ltr'><em>vsque</em></span> <span class='ocrx_word' id='word_1_213' title='bbox 1255 3747 1299 3812; x_wconf 85' lang='lat' dir='ltr'><em>ad</em></span> <span class='ocrx_word' id='word_1_214' title='bbox 1328 3746 1480 3830; x_wconf 84' lang='lat' dir='ltr'>vigiliam</span> 
     </span>
     <span class='ocr_line' id='line_1_32' title="bbox 272 3832 1485 3918; baseline -0.007 -12"><span class='ocrx_word' id='word_1_215' title='bbox 272 3841 497 3916; x_wconf 85' lang='lat' dir='ltr'><em>Ascensionis,</em></span> <span class='ocrx_word' id='word_1_216' title='bbox 513 3837 571 3903; x_wconf 88' lang='lat' dir='ltr'><em>fiat</em></span> <span class='ocrx_word' id='word_1_217' title='bbox 587 3834 734 3900; x_wconf 90' lang='lat' dir='ltr'><em>solennis</em></span> <span class='ocrx_word' id='word_1_218' title='bbox 752 3834 913 3897; x_wconf 88' lang='lat' dir='ltr'><em>memoria</em></span> <span class='ocrx_word' id='word_1_219' title='bbox 935 3834 978 3897; x_wconf 90' lang='lat' dir='ltr'><em>de</em></span> <span class='ocrx_word' id='word_1_220' title='bbox 1001 3834 1247 3910; x_wconf 86' lang='lat' dir='ltr'><em>resurrectione,</em></span> <span class='ocrx_word' id='word_1_221' title='bbox 1263 3832 1308 3897; x_wconf 90' lang='lat' dir='ltr'><em>ad</em></span> <span class='ocrx_word' id='word_1_222' title='bbox 1323 3843 1485 3918; x_wconf 82' lang='lat' dir='ltr'><em>vtrasque</em></span> 
     </span>
    </p>
   </div>
   <div class='ocr_carea' id='block_1_15' title="bbox 272 4189 1485 4577">
    <p class='ocr_par' dir='ltr' id='par_1_17' title="bbox 304 4189 1151 4256">
     <span class='ocr_line' id='line_1_33' title="bbox 304 4189 1151 4256; baseline -0.006 -10"><span class='ocrx_word' id='word_1_223' title='bbox 304 4194 418 4246; x_wconf 63' lang='grc' dir='ltr'><em>ιῐιιιΙΙιι</em></span> <span class='ocrx_word' id='word_1_224' title='bbox 434 4210 481 4243; x_wconf 84' lang='lat' dir='ltr'><em>am.</em></span> <span class='ocrx_word' id='word_1_225' title='bbox 494 4203 536 4256; x_wconf 85' lang='lat'><em>97,</em></span> <span class='ocrx_word' id='word_1_226' title='bbox 548 4206 589 4242; x_wconf 80' lang='lat' dir='ltr'><em>ot.</em></span> <span class='ocrx_word' id='word_1_227' title='bbox 950 4189 1092 4240; x_wconf 80' lang='lat' dir='ltr'>²dicntur:</span> <span class='ocrx_word' id='word_1_228' title='bbox 1110 4189 1151 4241; x_wconf 90' lang='lat'><em>88.</em></span> 
     </span>
    </p>

    <p class='ocr_par' dir='ltr' id='par_1_18' title="bbox 304 4254 1168 4320">
     <span class='ocr_line' id='line_1_34' title="bbox 304 4254 1168 4320; baseline -0.007 -9"><span class='ocrx_word' id='word_1_229' title='bbox 304 4259 356 4311; x_wconf 70' lang='lat' dir='ltr'><em>’et</em></span> <span class='ocrx_word' id='word_1_230' title='bbox 366 4259 494 4312; x_wconf 74' lang='lat' dir='ltr'><em>solennis:</em></span> <span class='ocrx_word' id='word_1_231' title='bbox 511 4258 553 4320; x_wconf 80' lang='lat'><em>87.</em></span> <span class='ocrx_word' id='word_1_232' title='bbox 566 4256 605 4307; x_wconf 84' lang='lat'><em>88.</em></span> <span class='ocrx_word' id='word_1_233' title='bbox 950 4254 1002 4305; x_wconf 71' lang='lat' dir='ltr'><em>⁴et</em></span> <span class='ocrx_word' id='word_1_234' title='bbox 1014 4255 1057 4306; x_wconf 75' lang='lat' dir='ltr'><em>ius</em></span> <span class='ocrx_word' id='word_1_235' title='bbox 1074 4255 1115 4318; x_wconf 86' lang='lat'><em>87,</em></span> <span class='ocrx_word' id='word_1_236' title='bbox 1128 4255 1168 4306; x_wconf 86' lang='lat'><em>88.</em></span> 
     </span>
    </p>

    <p class='ocr_par' dir='ltr' id='par_1_19' title="bbox 304 4322 575 4385">
     <span class='ocr_line' id='line_1_35' title="bbox 304 4322 575 4385; baseline -0.015 -8"><span class='ocrx_word' id='word_1_237' title='bbox 304 4325 316 4357; x_wconf 79' lang='lat'>⁸</span> <span class='ocrx_word' id='word_1_238' title='bbox 331 4336 357 4377; x_wconf 85' lang='lat' dir='ltr'><em>et</em></span> <span class='ocrx_word' id='word_1_239' title='bbox 368 4324 462 4375; x_wconf 84' lang='lat' dir='ltr'>nichil:</span> <span class='ocrx_word' id='word_1_240' title='bbox 481 4322 522 4385; x_wconf 88' lang='lat'><em>87,</em></span> <span class='ocrx_word' id='word_1_241' title='bbox 535 4322 575 4373; x_wconf 82' lang='lat'><em>88.</em></span> 
     </span>
    </p>

    <p class='ocr_par' dir='ltr' id='par_1_20' title="bbox 272 4385 1485 4569">
     <span class='ocr_line' id='line_1_36' title="bbox 303 4385 1485 4453; baseline -0.002 -12"><span class='ocrx_word' id='word_1_242' title='bbox 303 4389 409 4441; x_wconf 67' lang='lat' dir='ltr'><em>&#39;usone</em></span> <span class='ocrx_word' id='word_1_243' title='bbox 425 4389 459 4440; x_wconf 78' lang='lat' dir='ltr'><em>ad</em></span> <span class='ocrx_word' id='word_1_244' title='bbox 478 4388 564 4439; x_wconf 77' lang='lat' dir='ltr'><em>feriam</em></span> <span class='ocrx_word' id='word_1_245' title='bbox 584 4405 609 4438; x_wconf 79' lang='lat' dir='ltr'><em>v.</em></span> <span class='ocrx_word' id='word_1_246' title='bbox 629 4398 685 4453; x_wconf 88' lang='lat' dir='ltr'><em>post</em></span> <span class='ocrx_word' id='word_1_247' title='bbox 704 4396 806 4437; x_wconf 75' lang='lat' dir='ltr'><em>octenas</em></span> <span class='ocrx_word' id='word_1_248' title='bbox 827 4385 938 4436; x_wconf 75' lang='lat' dir='ltr'><em>Posehe:</em></span> <span class='ocrx_word' id='word_1_249' title='bbox 956 4386 1048 4436; x_wconf 79' lang='lat' dir='ltr'><em>Brew.</em></span> <span class='ocrx_word' id='word_1_250' title='bbox 1074 4396 1099 4436; x_wconf 86' lang='lat' dir='ltr'><em>et</em></span> <span class='ocrx_word' id='word_1_251' title='bbox 1121 4386 1220 4453; x_wconf 71' lang='lat' dir='ltr'><em>Pertiffi</em></span> <span class='ocrx_word' id='word_1_252' title='bbox 1268 4387 1320 4439; x_wconf 80' lang='lat' dir='ltr'><em>Sed</em></span> <span class='ocrx_word' id='word_1_253' title='bbox 1334 4389 1428 4453; x_wconf 79' lang='lat' dir='ltr'><em>‘usque</em></span> <span class='ocrx_word' id='word_1_254' title='bbox 1447 4389 1485 4439; x_wconf 75' lang='lat' dir='ltr'><em>nd</em></span> 
     </span>
     <span class='ocr_line' id='line_1_37' title="bbox 272 4451 922 4569; baseline -0.009 -62"><span class='ocrx_word' id='word_1_255' title='bbox 272 4457 358 4508; x_wconf 81' lang='lat' dir='ltr'><em>teriam</em></span> <span class='ocrx_word' id='word_1_256' title='bbox 371 4455 470 4507; x_wconf 78' lang='lat' dir='ltr'><em>tertiam</em></span> <span class='ocrx_word' id='word_1_257' title='bbox 479 4463 538 4569; x_wconf 50' lang='lat' dir='ltr'><em>Eget</em></span> <span class='ocrx_word' id='word_1_258' title='bbox 550 4462 599 4504; x_wconf 85' lang='lat' dir='ltr'><em>oct.</em></span> <span class='ocrx_word' id='word_1_259' title='bbox 614 4452 725 4519; x_wconf 75' lang='lat' dir='ltr'><em>pasche.¹</em></span> <span class='ocrx_word' id='word_1_260' title='bbox 759 4453 835 4502; x_wconf 84' lang='lat' dir='ltr'><em>Brev.</em></span> <span class='ocrx_word' id='word_1_261' title='bbox 852 4451 922 4515; x_wconf 62' lang='lat'>1556,</span> 
     </span>
    </p>

    <p class='ocr_par' dir='ltr' id='par_1_21' title="bbox 304 4514 1140 4577">
     <span class='ocr_line' id='line_1_38' title="bbox 304 4514 1140 4577; baseline -0.006 -5"><span class='ocrx_word' id='word_1_262' title='bbox 304 4522 460 4574; x_wconf 65' lang='lat' dir='ltr'><em>&#39;dicentum</em></span> <span class='ocrx_word' id='word_1_263' title='bbox 490 4528 519 4569; x_wconf 81' lang='grc'><em>’.</em></span> <span class='ocrx_word' id='word_1_264' title='bbox 951 4514 1021 4567; x_wconf 74' lang='lat' dir='ltr'><em>⁸et:</em></span> <span class='ocrx_word' id='word_1_265' title='bbox 1038 4516 1140 4577; x_wconf 61' lang='lat' dir='ltr'><em>oea.870</em></span> 
     </span>
    </p>
   </div>
   <div class='ocr_carea' id='block_1_16' title="bbox 0 0 1662 5220">
    <p class='ocr_par' dir='ltr' id='par_1_22' title="bbox 0 0 1662 5220">
     <span class='ocr_line' id='line_1_39' title="bbox 0 0 1662 5220; baseline 0 0"><span class='ocrx_word' id='word_1_266' title='bbox 0 0 1662 5220; x_wconf 95' lang='lat' dir='ltr'><em> </em></span> 
     </span>
    </p>
   </div>
  </div>
 </body>
</html>
