3326 5208
629 502 812 563 Qunvruu
828 503 856 552 c.
891 503 950 551 un.
1329 512 1376 566 245

171 741 178 754 ι
211 660 244 729 (Ι
270 655 367 803 ξετῗε
382 656 433 719 ‚iil
450 656 492 718 de
509 654 593 718 lesto
609 654 692 719 loci:
716 666 750 719 et
766 656 866 719 missa
876 655 1083 718 dominicalis
1098 656 1228 718 dicatur
1243 654 1306 717 hac
1322 655 1376 717 dle

170 761 203 803 1n
220 753 330 823 capltu
346 762 375 805 ο.

211 858 247 929 (Ι
272 854 368 916 Feria
383 854 446 918 jiii.
462 856 505 917 de
520 865 638 917 sancto
654 854 808 938 Georgio,
826 855 934 917 minus
949 854 1085 937 duplex.

214 971 247 1040 (Ι
272 967 370 1029 Feria
385 989 421 1030 .v.
438 969 480 1029 de
496 977 612 1029 sancto
630 967 779 1029 Iohanne
791 967 952 1049 apostolo.
999 967 1233 1029 Inuitatorium
1246 966 1379 1048 triplex.

172 1053 321 1134 Vespere
337 1063 434 1116 erunt
449 1054 491 1115 de
514 1055 641 1117 eodem.

215 1171 250 1240 Q
275 1166 371 1228 Feria
387 1167 435 1229 .vi.
452 1166 494 1228 de
520 1175 638 1228 sancto
667 1166 816 1228 Iohanne
840 1168 883 1229 de
910 1164 1104 1228 beuerlaco:
1127 1177 1195 1230 tres
1221 1165 1380 1229 lectiones

172 1272 248 1315 cunr
277 1253 436 1334 regimine
460 1253 559 1316 chori.
604 1252 755 1334 Vespere
779 1266 875 1316 erunt
900 1253 942 1316 de
971 1251 1064 1329 lest0,
1090 1262 1124 1315 et
1151 1254 1312 1315 memoria
1339 1253 1382 1316 de

174 1349 291 1401 sancta
309 1340 435 1401 Maria:
458 1340 651 1421 antiphona,
669 1340 739 1404 Sub
762 1350 861 1403 luam.

218 1457 252 1527 (Ι
276 1450 436 1527 Sabbata,
451 1452 494 1515 de
509 1465 626 1514 sancta
643 1452 759 1515 Maria

178 1610 298 1682 Mam]
354 1564 588 1638 [Dominica
615 1566 654 1627 ji.
680 1573 757 1646 post
786 1565 898 1640 Pascat,
935 1565 978 1626 de
1013 1564 1152 1627 seruicio
1185 1563 1384 1627 dominicali.

278 1656 284 1668 '
356 1651 509 1714 Tercium
523 1652 784 1734 Responsorium
801 1652 963 1715 aduobus
974 1660 1133 1715 cantetur.
1180 1652 1220 1714 In
1233 1651 1387 1713 laudibus

178 1756 244 1798 vna
260 1737 452 1819 antiphona
665 1750 669 1757 ·

220 1853 255 1924 (Ι
280 1849 376 1911 Feria
391 1850 428 1912 ji.
444 1851 488 1912 de
504 1850 726 1931 martyribus‚¹
745 1850 978 1914 Inuitatorium
990 1851 1128 1933 duplex,
1139 1860 1205 1914 tres
1221 1849 1388 1913 lectiones,

222 1966 256 2035 (Ι
281 1962 377 2023 Feria
401 1962 451 2024 .iii.
477 1962 518 2024 de
544 1973 661 2024 sancto
690 1962 814 2036 Marc0,
845 1963 985 2027 Inferius
1011 1963 1146 2045 duplex.
1205 1960 1306 2025 Nulla
1331 1959 1389 2022 fiat

179 2049 356 2129 processio,
383 2067 491 2129 neque
526 2049 704 2111 ieiunium:
738 2050 810 2112 sed²
834 2050 979 2113 solennis
1017 2050 1178 2113 memoria
1211 2049 1253 2111 de
1284 2066 1391 2110 resur·

182 2136 336 2198 rectione.

224 2252 258 2322 (Ι
283 2247 311 2309 F
313 2248 380 2308 eria
395 2247 456 2310 .iiii.
473 2248 516 2309 de
532 2247 755 2328 martyribus,³
773 2247 1005 2312 Inuitatorium
1022 2248 1159 2330 duplex,
1173 2248 1214 2310 iii.
1225 2247 1392 2309 lectiones.

184 2364 265 2510 dal
285 2359 381 2421 Feria
403 2381 440 2421 .v.
463 2359 506 2422 de
528 2360 651 2421 sanctis
678 2361 838 2442 apostolis
866 2361 1019 2444 Philippo
1042 2370 1076 2423 et
1103 2360 1236 2436 Iacobo,
1254 2357 1393 2421 lnserius

209 2468 254 2529 up
267 2467 321 2510 ex.

227 2564 261 2634 (Ι
287 2559 383 2620 Feria
397 2558 446 2621 .vi.
462 2558 505 2621 de
521 2558 607 2621 sesto
629 2557 699 2622 loci.

229 2676 264 2747 (Ι
287 2670 448 2743 sabbato,
464 2671 506 2732 de
522 2681 639 2733 sancta
656 2671 770 2733 Maria.

228 2789 262 2859 (Ι
285 2782 353 2846 Vbi
376 2781 460 2845 fiunt
483 2792 550 2845 tres
572 2784 916 2861 commemorationes
934 2785 966 2847 in
983 2784 1021 2847 .ii.
1037 2781 1118 2845 feria
1142 2779 1201 2846 fiat
1227 2802 1293 2844 vna
1308 2800 1397 2843 com-

189 2870 394 2933 memoratio.

367 2978 392 3065 [l
408 2980 474 3063 .iii.]
518 2985 552 3054 (Ι
576 2981 755 3044 Dominica
771 2982 821 3045 ,iil
838 2992 914 3064 post
929 2982 1040 3058 Pasca,
1053 2982 1095 3044 de
1107 2981 1246 3044 seruicio
1257 2979 1399 3042 domini-

366 3069 436 3131 cali.
482 3067 636 3130 Tercium
666 3069 927 3151 Responsorium
954 3089 974 3130 a
998 3067 1130 3131 duobus
1152 3076 1312 3130 cantetur.
1360 3066 1399 3128 In

190 3155 354 3229 laudibus
369 3175 435 3217 vna
455 3155 647 3236 antiphona

233 3273 267 3343 (Ι
291 3267 388 3329 Feria
403 3268 442 3331 ji.
459 3265 502 3328 de
517 3266 605 3329 seria
653 3266 876 3350 Responsoria
899 3266 1032 3348 Dignus
1053 3287 1093 3330 es.
1140 3266 1244 3328 Missa
1260 3265 1402 3328 domini·

191 3354 279 3418 calis.

191 3035 261 3101 May
277 3029 329 3101 16.]

234 3471 268 3541 (Ι
293 3466 391 3527 Feria
405 3466 456 3529 lii.
472 3466 515 3529 de
531 3464 617 3528 festo
633 3465 705 3528 loci.

235 3584 268 3653 (Ι
294 3578 390 3640 Feria
405 3577 468 3640 liii.
485 3577 528 3640 de
549 3586 667 3640 sancto
691 3578 880 3655 Dunstano‚
901 3587 934 3640 et
958 3576 1117 3640 memoria
1139 3576 1182 3638 de
1206 3575 1353 3657 virgine‚⁴
1369 3583 1402 3636 et

192 3667 235 3729 de
251 3664 497 3728 resurrectione.

236 3783 270 3853 (Ι
295 3777 392 3839 Feria
414 3798 451 3839 .v.
475 3777 518 3838 de
545 3774 632 3838 feria.
679 3776 905 3859 Responsoria
931 3775 1072 3838 Locutus
1093 3784 1147 3838 cst.
1193 3774 1347 3857 Epistola
1369 3781 1403 3835 et

193 3864 405 3946 euangelium
422 3872 539 3944 quarte
555 3861 641 3925 serie.

237 3982 271 4052 (Ι
296 3976 324 4039 F
325 3976 393 4038 erla
408 3976 456 4039 .vi.
472 3976 515 4037 de
531 3974 619 4039 feria
666 3975 892 4057 Responsoria
916 3975 997 4039 Vidi
1008 3984 1150 4056 portam.
1195 3972 1349 4056 Epistola
1370 3981 1404 4034 et

195 4063 406 4145 euangelium
422 4063 570 4125 eiusdem
588 4061 673 4124 ferie.

240 4181 274 4250 (Ι
298 4174 458 4249 Sabbato,
474 4173 517 4236 de
531 4182 647 4237 sancta
665 4174 781 4237 Maria

231 4503 239 4533 ¹
257 4503 303 4555 SS.
318 4501 448 4552 Gordiano
459 4509 484 4550 et
496 4501 643 4565 Epimacho.
874 4495 886 4526 2
901 4496 964 4547 sed:
980 4512 1027 4545 om.
1042 4493 1083 4555 87,
1096 4492 1136 4544 88.

231 4569 242 4600 ³
258 4568 304 4620 SS.
320 4568 413 4627 Nereo,
426 4565 543 4616 Achilleo
553 4576 578 4616 et
592 4564 730 4615 Pancratio.
875 4560 886 4592 ⁴
902 4562 929 4613 S.
945 4560 1104 4612 Potenciana.
