3316 5220
295 467 343 532 326
619 465 894 515 DIRECTORIUM
922 464 1190 516 SACERDOTUM

294 630 402 683 autem
430 619 568 681 Dauid:
591 626 625 679 et
657 618 699 681 de
724 618 890 682 Trinitate
913 618 975 680 sub
1005 617 1157 681 silentio:
1179 616 1326 680 solennis
1352 615 1388 698 [o
1413 614 1512 697 ,viii.]

296 707 458 770 memoria
472 706 514 768 de
530 716 646 768 sancta
662 705 771 769 Anna.
820 704 933 767 Nulla¹
950 706 1125 787 processio.

469 831 503 900 (Ι
527 825 706 888 Dominica
721 825 780 901 .vi.,
795 835 904 888 totum
921 825 963 887 de
986 834 1103 888 sancta
1125 826 1236 901 Anna,
1262 823 1510 887 Inuitatorium

294 878 347 947 lm·
357 874 416 976 ¹²⁶]
469 912 602 995 triplex,
617 921 651 976 et
666 913 730 975 duc
747 913 907 974 memorie
921 911 1122 976 solenniter.8

335 1035 369 1105 (Ι
393 1029 489 1092 Feria
504 1029 543 1092 ii.
560 1029 602 1091 de
626 1028 763 1112 Septem
788 1028 1048 1092 Dormientibus
1095 1028 1330 1092 Inuitatorium
1351 1027 1514 1110 duplex:

294 1117 335 1180 iii.
353 1115 511 1179 lectiones
527 1118 644 1198 ³vsque
659 1116 702 1178 ad
721 1117 866 1192 missam,
881 1136 947 1197 que
962 1116 1024 1178 erit
1039 1117 1082 1179 de
1098 1116 1287 1179 dominica„³

336 1242 370 1312 (Ι
394 1237 490 1299 Feria
506 1237 555 1301 iii.
572 1239 614 1300 de
631 1236 715 1299 sesto
732 1236 794 1297 loci
810 1244 844 1298 et
859 1236 925 1298 due
941 1236 1107 1299 memorie.

336 1362 370 1431 (Ι
395 1357 490 1419 Feria
505 1356 569 1419 iiii.
586 1355 628 1418 de
644 1354 866 1438 martyribus.⁴
914 1356 1149 1418 Inuitatorium
1165 1355 1301 1437 duplex.

336 1474 369 1544 (Ι
394 1468 490 1530 Feria
512 1489 550 1531 .v.
573 1470 616 1530 de
644 1468 845 1549 martyribus
869 1466 996 1530 Abdon
1025 1475 1058 1529 et
1090 1466 1234 1542 sennen,
1261 1465 1506 1531 Inuitatorium

293 1556 441 1639 duplex:
465 1565 531 1618 tres
547 1554 712 1617 lectiones

336 1682 370 1752 (Ι
395 1678 492 1740 Feria
508 1677 556 1740 .vi.
572 1678 615 1740 de
630 1687 747 1740 sancta
765 1676 882 1753 Maria,
898 1686 932 1740 et
948 1677 1109 1740 memoria
1127 1678 1170 1740 de
1186 1686 1303 1740 sancto
1319 1675 1509 1741 Germano

337 1803 370 1873 (Ι
395 1796 554 1873 Sabbat0,
571 1798 614 1860 de
629 1806 748 1860 sancto
764 1797 864 1860 Petro
874 1797 917 1860 ad
927 1798 1079 1861 vincula:
1109 1798 1345 1860 Inuitatorium
1356 1797 1508 1881 triplex:

292 1885 347 1950 „ix
365 1883 546 1946 lectiones:
569 1893 603 1947 et
620 1885 781 1947 memoria
796 1884 838 1946 de
856 1883 1077 1966 martyribus.⁵

337 2010 371 2079 (Ι
396 2003 463 2067 Ubi
483 2002 568 2066 fiunt
589 2013 656 2067 tres
672 2004 1017 2082 commemorationes
1033 2005 1065 2066 in
1083 2026 1120 2067 .v.
1136 2004 1217 2067 feria
1240 2005 1298 2068 liat
1321 2025 1387 2067 vna
1409 2026 1509 2069 com·

295 2092 500 2154 memoratio

338 2217 371 2287 (Ι
394 2211 452 2274 Ab
467 2210 529 2273 hac
546 2211 610 2287 die,
625 2231 729 2293 vsque
745 2212 788 2274 ad
812 2211 1037 2293 inceptionem
1061 2211 1198 2275 historie
1214 2211 1380 2290 (Domine,
1403 2234 1446 2275 nc
1469 2216 1511 2277 in

295 2298 372 2380 ira),
388 2299 572 2382 accipiatur
587 2307 724 2361 sextum
740 2298 784 2375 D,
802 2319 862 2381 pro
878 2298 989 2362 littera
1005 2298 1207 2362 dominicali.

328 2546 338 2576 ¹
355 2546 399 2597 sed
410 2547 488 2611 before
499 2548 584 2596 nulla:
603 2545 645 2609 87,
657 2546 697 2597 88.

328 2610 339 2641 ²
355 2614 485 2662 solennes:
504 2612 544 2674 87,
558 2612 607 2672 88:
625 2613 700 2663 missa
711 2613 867 2663 dominicalis
879 2613 969 2663 dicitur
981 2613 1007 2662 in
1018 2613 1142 2677 capitulo:
1161 2615 1216 2663 add
1231 2626 1272 2677 97,
1284 2627 1325 2664 01.

329 2676 382 2714 ³—³
397 2694 444 2727 om.
456 2696 462 2727 ε
480 2689 520 2739 97,
534 2691 574 2727 01.
902 2677 913 2708 ⁴
930 2679 975 2729 SS.
996 2679 1089 2738 Felice,
1102 2679 1241 2746 Simplicio,
1254 2690 1302 2731 etc.

329 2741 339 2771 ⁵
355 2742 401 2793 SS.
417 2744 570 2793 Machabeis.
