3372 5224
494 459 714 512 SECUNDUM
730 461 764 514 B.
800 461 878 511 xviii.
896 476 924 512 x.
942 460 989 510 vii.
1008 460 1063 512 iiii.
1079 477 1124 511 xv.
1355 472 1400 525 131

243 619 278 690 (I
301 612 460 691 Sabbat0,
476 613 519 676 de
542 623 659 677 sancta
681 614 797 678 Maria.
844 614 883 677 In
900 614 1001 677 missa
1026 614 1158 678 dicitur¹
1179 613 1284 694 Kyrie
1297 614 1401 678 omni-

195 710 318 783 potens.
374 700 524 782 Spiritus
543 711 576 764 et
595 700 689 774 alme,
705 712 739 764 et
754 700 947 764 Benedictus
960 700 1187 784 Mariefilius.
1231 701 1300 766 Vbi
1317 700 1400 765 fiunt

201 797 269 851 tres
284 788 630 865 commemorationes,
653 788 686 850 in
703 789 766 851 ‚iiii
783 786 863 851 seria
879 786 937 851 fiat
952 808 1026 851 vna.
1068 788 1113 851 Et
1138 788 1239 851 missa
1254 787 1401 851 Adorate

201 882 354 938 cantetur
369 875 401 936 in
418 875 468 937 .vi.
484 874 564 937 seria
579 896 639 959 pro
655 894 787 938 summa
803 875 913 951 missa,
928 869 1111 938 secundum
1127 875 1284 940 ordinale.

198 1041 331 1115 Iamo]
376 999 411 1070 ΙΙ
433 994 658 1057 Dominicain
673 994 755 1059 lxx.
770 1004 843 1094 tota
857 995 979 1059 dicitur
998 994 1157 1073 historia;
1181 1004 1216 1058 et
1241 995 1402 1058 memoria

310 1086 317 1099 '
377 1090 508 1145 tantum
524 1082 566 1145 de
581 1091 698 1144 sancta
712 1081 853 1145 Banlde.

243 1205 277 1276 (Ι
301 1199 359 1263 Ab
372 1200 434 1263 hac
450 1201 505 1264 die
520 1221 624 1284 vsque
640 1202 687 1264 in'
703 1202 765 1265 iiii.
781 1202 896 1266 leriam
913 1202 946 1263 in
961 1201 1072 1284 capite
1087 1201 1207 1278 ieiunii,
1225 1201 1327 1265 Nulla
1342 1201 1401 1267 fiat

202 1288 364 1350 memoria
376 1288 419 1351 de
434 1288 523 1363 feria,
541 1289 573 1351 in
590 1287 683 1351 festis
698 1290 798 1351 trium
815 1288 1005 1352 lectionum.

243 1412 278 1482 01
303 1407 399 1470 Feria
414 1408 453 1473 ji.
468 1410 512 1472 de
528 1407 700 1473 lestoloci

243 1532 278 1603 ΙΙ
302 1527 399 1590 Feria
414 1528 465 1591 iii.
477 1530 520 1593 de
535 1539 651 1592 sancta
663 1529 809 1611 Brigida,
824 1547 900 1592 cum
917 1539 1089 1592 nocturno

244 1651 279 1721 01
302 1646 399 1709 Feria
425 1647 489 1710 .iiii.
516 1647 557 1710 de
585 1648 824 1725 Purificatione,
852 1647 988 1711 lestum⁸
1011 1649 1118 1712 maius
1148 1648 1285 1731 duplex.
1344 1649 1401 1714 Ad

200 1742 358 1815 vtrasque
387 1754 543 1817 vesperas
572 1734 692 1798 dicitur
721 1735 875 1817 hymnus,
909 1733 1006 1814 Quod
1030 1735 1152 1801 choncs.
1212 1735 1314 1798 Nulla
1344 1735 1403 1799 fiat

202 1821 364 1883 memoria
378 1819 422 1884 de
436 1831 553 1885 sancto
568 1821 689 1885 Blasio

244 1945 279 2016 (I
303 1940 399 2003 Feria
427 1962 466 2005 .v.
496 1943 538 2005 de
564 1951 681 2004 sancto
710 1940 823 2004 Blasio
844 1989 853 2004 .
876 1941 917 2005 iii.
949 1940 1115 2015 lectiones,
1138 1961 1215 2005 cum
1232 1950 1403 2005 nocturno.

202 2025 396 2108 Capitulum
415 2026 532 2091 Omm's
538 2029 697 2109 pontifex.

245 2151 280 2222 (Ι
304 2146 400 2210 Feria
415 2148 465 2212 .vi.
480 2150 524 2211 de
538 2159 656 2211 sancta
673 2149 792 2213 Maria.

245 2265 462 2343 [Sabbata
491 2269 535 2331 de
564 2277 681 2331 sancta
710 2268 870 2351 Agatha:
907 2267 952 2331 ix.
985 2267 1151 2331 lectiones
1210 2266 1404 2351 Capitulum

207 2352 391 2436 confitebor.
436 2354 504 2419 Vbi
515 2355 598 2418 fiunt
613 2365 680 2418 tres
691 2356 1033 2430 commemorationes,
1050 2355 1083 2416 in
1100 2354 1150 2417 iii.
1168 2353 1316 2418 leriafiat
1327 2356 1404 2418 vna⁴

201 2449 236 2503 et
252 2442 411 2504 memoria
426 2441 469 2504 de
485 2441 579 2521 leste,
593 2451 627 2504 et
643 2442 868 2525 Responsoria
883 2440 1008 2505 ferialia
1024 2442 1316 2522 pretermittantur.

203 2573 270 2627 Feb.
283 2568 322 2641 6.]
380 2566 413 2637 (I
437 2561 613 2624 Dominica
629 2562 662 2624 in
678 2562 742 2637 lx,
758 2571 830 2625 tota
844 2570 996 2625 cantetur
1009 2560 1155 2625 historia

245 2688 280 2759 ΙΙ
303 2682 400 2744 Feria
416 2681 456 2743 .ii.
472 2681 515 2744 de
531 2681 633 2744 seria.⁵
678 2682 783 2745 Missa
800 2681 903 2746 Salus
909 2681 1030 2763 populi.

245 2808 279 2891 (Ι
303 2802 400 2865 Feria
414 2801 465 2864 iii.
481 2802 524 2864 de
540 2799 626 2864 festo
642 2800 714 2864 loci.

240 2927 279 3072 gl
302 2922 400 3044 Feria
415 2922 478 2984 iiii.
504 2922 545 2984 de
572 2919 662 2984 feria
709 2921 935 3004 Responsoria
959 2919 1095 2984 historie
1118 2920 1328 2986 dominicalis
1346 2941 1405 3005 per

203 3029 241 3072 or
266 3029 363 3071 mem.

245 3134 279 3205 ([
304 3128 401 3191 Feria
422 3149 460 3191 .v.
477 3128 519 3191 de
535 3136 650 3191 sancta
666 3126 880 3203 Scholastica
897 3127 940 3195 iii.
954 3126 1113 3191 lectiones
1129 3146 1205 3191 cum
1220 3136 1391 3191 nocturno

245 3264 279 3335 ([
303 3248 332 3310 F
332 3249 400 3310 etia
414 3248 464 3311 .vi.
480 3248 522 3310 de
539 3246 627 3312 seria.
674 3247 899 3330 Responsoria
909 3248 1045 3311 historie
1059 3246 1275 3311 dominicalis.

247 3366 479 3445 [Sabbatof
495 3367 536 3430 de
559 3376 675 3430 sancta
701 3367 815 3430 Maria
862 3367 918 3431 Ad
942 3388 1096 3450 vesperas
1120 3366 1212 3430 nulla
1237 3366 1407 3430 memoria.

202 3453 270 3555 Vbi
286 3454 371 3518 fiunt
385 3464 452 3517 tres
467 3454 811 3531 commemorationes,
828 3455 860 3517 in
877 3455 917 3518 ii.
933 3454 1014 3518 feria
1038 3453 1095 3518 fiat
1118 3474 1185 3517 vna
1201 3473 1404 3517 commemo·

205 3552 300 3605 ratio.

205 3669 273 3724 Feb.
290 3665 342 3738 ¹3·]
384 3663 417 3734 εἷ
441 3656 620 3720 Dominiea
635 3655 668 3719 in
685 3654 714 3720 .l.
729 3665 802 3720 tota
817 3657 950 3721 dicitur⁸
965 3657 1110 3721 historia

247 3783 281 3854 ([
305 3776 401 3840 Feria
416 3776 456 3839 ‚ii
468 3777 510 3840 de
527 3775 611 3839 festo
627 3775 701 3854 loci,
715 3784 749 3840 et
761 3777 922 3841 memoria
936 3777 980 3842 de
994 3786 1111 3841 sancto
1125 3775 1318 3841 Valentino.

247 3903 282 3973 01
305 3896 402 3960 Feria
417 3896 470 3987 tii.
485 3897 528 3960 de
543 3906 660 3960 sancta
677 3896 794 3961 Maria

237 4246 452 4313 ¹onntussuper:
469 4250 581 4312 αιίαὶ97,
593 4261 634 4299 01.
831 4245 1132 4313 'adquammteriamz
1149 4246 1243 4309 87,8&

236 4310 352 4428 :aetnam
363 4389 395 4441 9⁷
386 4311 489 4439 ιὶηιὸξγ,
501 4312 542 4364 88.
831 4310 1080 4364 ‘commemomtioz
1096 4313 1152 4363 add.
1165 4311 1260 4376 87‚8u

235 4440 248 4473 ⁸
263 4443 377 4509 Epistola
389 4453 414 4493 et
424 4442 581 4509 euangelium
592 4443 703 4494 eiusdem
714 4440 793 4495 serie:
810 4443 867 4494 adu
880 4454 921 4504 97,
933 4456 975 4493 οι.

237 4507 617 4574 ⁷Feriavis0r51bhat0297,
629 4522 670 4560 οι.
834 4506 977 4561 'dicatum
993 4506 1034 4570 87,
1052 4506 1093 4559 88.
1204 4587 1230 4638 Κ
1255 4590 1274 4637 ²
