<?xml version="1.0" encoding="UTF-8"?>
<!DOCTYPE html PUBLIC "-//W3C//DTD XHTML 1.0 Transitional//EN"
    "http://www.w3.org/TR/xhtml1/DTD/xhtml1-transitional.dtd">
<html xmlns="http://www.w3.org/1999/xhtml" xml:lang="en" lang="en">
 <head>
  <title>
</title>
<meta http-equiv="Content-Type" content="text/html;charset=utf-8" />
  <meta name='ocr-system' content='tesseract 3.04.00' />
  <meta name='ocr-capabilities' content='ocr_page ocr_carea ocr_par ocr_line ocrx_word'/>
</head>
<body>
  <div class='ocr_page' id='page_1' title='image "./ordinalesarvmsi00cathgoog_0450.png"; bbox 0 0 3316 5220; ppageno 0'>
   <div class='ocr_carea' id='block_1_1' title="bbox 682 453 1388 519">
    <p class='ocr_par' dir='ltr' id='par_1_1' title="bbox 682 453 1388 519">
     <span class='ocr_line' id='line_1_1' title="bbox 682 453 1388 519; baseline 0.003 -17"><span class='ocrx_word' id='word_1_1' title='bbox 682 453 847 505; x_wconf 79' lang='lat' dir='ltr'>SEXTILl!</span> <span class='ocrx_word' id='word_1_2' title='bbox 863 455 899 504; x_wconf 75' lang='lat' dir='ltr'>D,</span> <span class='ocrx_word' id='word_1_3' title='bbox 1343 468 1388 519; x_wconf 84' lang='lat'>331</span> 
     </span>
    </p>
   </div>
   <div class='ocr_carea' id='block_1_2' title="bbox 188 604 1391 780">
    <p class='ocr_par' dir='ltr' id='par_1_2' title="bbox 188 604 1391 780">
     <span class='ocr_line' id='line_1_2' title="bbox 229 604 1391 691; baseline 0.005 -26"><span class='ocrx_word' id='word_1_4' title='bbox 229 608 262 678; x_wconf 72' lang='lat' dir='ltr'>(l</span> <span class='ocrx_word' id='word_1_5' title='bbox 287 604 384 666; x_wconf 90' lang='lat' dir='ltr'>Feria</span> <span class='ocrx_word' id='word_1_6' title='bbox 406 607 447 670; x_wconf 89' lang='lat' dir='ltr'>.ii.</span> <span class='ocrx_word' id='word_1_7' title='bbox 473 607 517 671; x_wconf 92' lang='lat' dir='ltr'>de</span> <span class='ocrx_word' id='word_1_8' title='bbox 540 607 761 671; x_wconf 85' lang='lat' dir='ltr'>Exaltatione</span> <span class='ocrx_word' id='word_1_9' title='bbox 792 607 916 672; x_wconf 86' lang='lat' dir='ltr'>Sancte</span> <span class='ocrx_word' id='word_1_10' title='bbox 940 607 1076 673; x_wconf 87' lang='lat' dir='ltr'><strong>Crucis:</strong></span> <span class='ocrx_word' id='word_1_11' title='bbox 1100 609 1219 672; x_wconf 86' lang='lat' dir='ltr'>maius¹</span> <span class='ocrx_word' id='word_1_12' title='bbox 1242 609 1391 691; x_wconf 87' lang='lat' dir='ltr'>duplex:</span> 
     </span>
     <span class='ocr_line' id='line_1_3' title="bbox 188 690 1391 780; baseline 0.006 -29"><span class='ocrx_word' id='word_1_13' title='bbox 188 690 301 752; x_wconf 90' lang='lat' dir='ltr'>Medie</span> <span class='ocrx_word' id='word_1_14' title='bbox 326 690 485 757; x_wconf 89' lang='lat' dir='ltr'>lectiones</span> <span class='ocrx_word' id='word_1_15' title='bbox 512 695 555 757; x_wconf 91' lang='lat' dir='ltr'>de</span> <span class='ocrx_word' id='word_1_16' title='bbox 572 694 800 776; x_wconf 80' lang='lat' dir='ltr'>Martyribus,²</span> <span class='ocrx_word' id='word_1_17' title='bbox 820 715 895 757; x_wconf 89' lang='lat' dir='ltr'>curn</span> <span class='ocrx_word' id='word_1_18' title='bbox 917 696 1079 759; x_wconf 83' lang='lat' dir='ltr'>versiculo</span> <span class='ocrx_word' id='word_1_19' title='bbox 1102 706 1137 759; x_wconf 91' lang='lat' dir='ltr'>et</span> <span class='ocrx_word' id='word_1_20' title='bbox 1157 697 1391 780; x_wconf 89' lang='lat' dir='ltr'>Responsoriis</span> 
     </span>
    </p>
   </div>
   <div class='ocr_carea' id='block_1_3' title="bbox 185 777 1391 945">
    <p class='ocr_par' dir='ltr' id='par_1_3' title="bbox 185 777 1391 945">
     <span class='ocr_line' id='line_1_4' title="bbox 186 777 1391 861; baseline 0.005 -22"><span class='ocrx_word' id='word_1_21' title='bbox 186 777 229 839; x_wconf 87' lang='lat' dir='ltr'>de</span> <span class='ocrx_word' id='word_1_22' title='bbox 266 779 414 842; x_wconf 86' lang='lat' dir='ltr'>secundo</span> <span class='ocrx_word' id='word_1_23' title='bbox 451 793 624 845; x_wconf 86' lang='lat' dir='ltr'>nocturno.</span> <span class='ocrx_word' id='word_1_24' title='bbox 689 781 746 844; x_wconf 89' lang='lat' dir='ltr'>Ad</span> <span class='ocrx_word' id='word_1_25' title='bbox 786 783 968 845; x_wconf 90' lang='lat' dir='ltr'>matutinas</span> <span class='ocrx_word' id='word_1_26' title='bbox 1005 792 1102 846; x_wconf 88' lang='lat' dir='ltr'>extra</span> <span class='ocrx_word' id='word_1_27' title='bbox 1146 783 1294 861; x_wconf 88' lang='lat' dir='ltr'>chorum,</span> <span class='ocrx_word' id='word_1_28' title='bbox 1325 785 1391 847; x_wconf 91' lang='lat' dir='ltr'>Re-</span> 
     </span>
     <span class='ocr_line' id='line_1_5' title="bbox 185 866 581 945; baseline 0.013 -19"><span class='ocrx_word' id='word_1_29' title='bbox 185 866 396 945; x_wconf 88' lang='lat' dir='ltr'>sponsorium</span> <span class='ocrx_word' id='word_1_30' title='bbox 416 867 581 931; x_wconf 71' lang='lat' dir='ltr'>Gloriose.8</span> 
     </span>
    </p>
   </div>
   <div class='ocr_carea' id='block_1_4' title="bbox 186 986 1393 1332">
    <p class='ocr_par' dir='ltr' id='par_1_4' title="bbox 186 986 1393 1332">
     <span class='ocr_line' id='line_1_6' title="bbox 229 986 1393 1073; baseline 0.004 -25"><span class='ocrx_word' id='word_1_31' title='bbox 229 991 264 1060; x_wconf 68' lang='lat' dir='ltr'>(I</span> <span class='ocrx_word' id='word_1_32' title='bbox 288 986 384 1049; x_wconf 86' lang='lat' dir='ltr'>Feria</span> <span class='ocrx_word' id='word_1_33' title='bbox 410 989 461 1052; x_wconf 78' lang='lat' dir='ltr'>,iii</span> <span class='ocrx_word' id='word_1_34' title='bbox 487 989 529 1051; x_wconf 90' lang='lat' dir='ltr'>de</span> <span class='ocrx_word' id='word_1_35' title='bbox 552 991 695 1065; x_wconf 86' lang='lat' dir='ltr'>octaua,⁴</span> <span class='ocrx_word' id='word_1_36' title='bbox 714 989 947 1052; x_wconf 85' lang='lat' dir='ltr'>Inuitatorium</span> <span class='ocrx_word' id='word_1_37' title='bbox 964 990 1107 1073; x_wconf 84' lang='lat' dir='ltr'>triplex:</span> <span class='ocrx_word' id='word_1_38' title='bbox 1133 992 1187 1055; x_wconf 84' lang='lat' dir='ltr'>ix.</span> <span class='ocrx_word' id='word_1_39' title='bbox 1211 990 1393 1055; x_wconf 89' lang='lat' dir='ltr'>lectiones:</span> 
     </span>
     <span class='ocr_line' id='line_1_7' title="bbox 186 1075 1393 1159; baseline 0.005 -25"><span class='ocrx_word' id='word_1_40' title='bbox 186 1075 325 1136; x_wconf 90' lang='lat' dir='ltr'>tercium</span> <span class='ocrx_word' id='word_1_41' title='bbox 351 1075 612 1158; x_wconf 82' lang='lat' dir='ltr'>Responsorium</span> <span class='ocrx_word' id='word_1_42' title='bbox 636 1076 777 1158; x_wconf 78' lang='lat' dir='ltr'><em>Regali:</em></span> <span class='ocrx_word' id='word_1_43' title='bbox 799 1087 934 1140; x_wconf 88' lang='lat' dir='ltr'>sextum</span> <span class='ocrx_word' id='word_1_44' title='bbox 959 1079 1235 1159; x_wconf 81' lang='lat' dir='ltr'>Responsorium³</span> <span class='ocrx_word' id='word_1_45' title='bbox 1255 1078 1393 1141; x_wconf 85' lang='lat' dir='ltr'>Natiui-</span> 
     </span>
     <span class='ocr_line' id='line_1_8' title="bbox 186 1161 1393 1248; baseline 0.004 -27"><span class='ocrx_word' id='word_1_46' title='bbox 186 1168 261 1222; x_wconf 84' lang='lat' dir='ltr'>tas:</span> <span class='ocrx_word' id='word_1_47' title='bbox 284 1161 421 1224; x_wconf 87' lang='lat' dir='ltr'>Nonum</span> <span class='ocrx_word' id='word_1_48' title='bbox 438 1163 700 1245; x_wconf 88' lang='lat' dir='ltr'>Responsorium</span> <span class='ocrx_word' id='word_1_49' title='bbox 720 1164 780 1225; x_wconf 80' lang='lat' dir='ltr'>Ad</span> <span class='ocrx_word' id='word_1_50' title='bbox 798 1174 922 1226; x_wconf 81' lang='lat' dir='ltr'>nutum.</span> <span class='ocrx_word' id='word_1_51' title='bbox 968 1164 1025 1227; x_wconf 82' lang='lat' dir='ltr'>Ad</span> <span class='ocrx_word' id='word_1_52' title='bbox 1048 1185 1214 1248; x_wconf 86' lang='lat' dir='ltr'>vesperas,</span> <span class='ocrx_word' id='word_1_53' title='bbox 1232 1166 1393 1229; x_wconf 86' lang='lat' dir='ltr'>memoria</span> 
     </span>
     <span class='ocr_line' id='line_1_9' title="bbox 188 1247 741 1332; baseline 0.009 -24"><span class='ocrx_word' id='word_1_54' title='bbox 188 1247 230 1309; x_wconf 91' lang='lat' dir='ltr'>de</span> <span class='ocrx_word' id='word_1_55' title='bbox 245 1247 395 1329; x_wconf 68' lang='lat' dir='ltr'>virgine,⁶</span> <span class='ocrx_word' id='word_1_56' title='bbox 409 1260 443 1313; x_wconf 93' lang='lat' dir='ltr'>et</span> <span class='ocrx_word' id='word_1_57' title='bbox 459 1251 502 1313; x_wconf 90' lang='lat' dir='ltr'>de</span> <span class='ocrx_word' id='word_1_58' title='bbox 518 1251 741 1332; x_wconf 69' lang='lat' dir='ltr'>martyribus!</span> 
     </span>
    </p>
   </div>
   <div class='ocr_carea' id='block_1_5' title="bbox 188 1369 1396 1803">
    <p class='ocr_par' dir='ltr' id='par_1_5' title="bbox 188 1369 1396 1803">
     <span class='ocr_line' id='line_1_10' title="bbox 230 1369 1394 1444; baseline 0.002 -12"><span class='ocrx_word' id='word_1_59' title='bbox 230 1374 263 1444; x_wconf 67' lang='grc' dir='ltr'>(Ι</span> <span class='ocrx_word' id='word_1_60' title='bbox 288 1369 385 1433; x_wconf 87' lang='lat' dir='ltr'>Feria</span> <span class='ocrx_word' id='word_1_61' title='bbox 395 1371 457 1434; x_wconf 83' lang='lat' dir='ltr'>iiii.</span> <span class='ocrx_word' id='word_1_62' title='bbox 474 1371 517 1435; x_wconf 90' lang='lat' dir='ltr'>de</span> <span class='ocrx_word' id='word_1_63' title='bbox 531 1381 647 1435; x_wconf 87' lang='lat' dir='ltr'>sancta</span> <span class='ocrx_word' id='word_1_64' title='bbox 664 1371 811 1436; x_wconf 89' lang='lat' dir='ltr'>Editha:</span> <span class='ocrx_word' id='word_1_65' title='bbox 834 1373 888 1435; x_wconf 77' lang='lat' dir='ltr'>ix.</span> <span class='ocrx_word' id='word_1_66' title='bbox 902 1372 1082 1437; x_wconf 90' lang='lat' dir='ltr'>lectiones:</span> <span class='ocrx_word' id='word_1_67' title='bbox 1107 1373 1219 1436; x_wconf 90' lang='lat' dir='ltr'>Medie</span> <span class='ocrx_word' id='word_1_68' title='bbox 1235 1372 1394 1437; x_wconf 90' lang='lat' dir='ltr'>lectiones</span> 
     </span>
     <span class='ocr_line' id='line_1_11' title="bbox 188 1455 1395 1543; baseline 0.003 -26"><span class='ocrx_word' id='word_1_69' title='bbox 188 1455 230 1517; x_wconf 92' lang='lat' dir='ltr'>de</span> <span class='ocrx_word' id='word_1_70' title='bbox 246 1457 470 1538; x_wconf 81' lang='lat' dir='ltr'>martyribus,⁷</span> <span class='ocrx_word' id='word_1_71' title='bbox 485 1479 561 1522; x_wconf 91' lang='lat' dir='ltr'>curn</span> <span class='ocrx_word' id='word_1_72' title='bbox 576 1459 738 1523; x_wconf 85' lang='lat' dir='ltr'>versiculo</span> <span class='ocrx_word' id='word_1_73' title='bbox 753 1471 787 1523; x_wconf 90' lang='lat' dir='ltr'>et</span> <span class='ocrx_word' id='word_1_74' title='bbox 808 1460 1042 1543; x_wconf 87' lang='lat' dir='ltr'>Responsoriis</span> <span class='ocrx_word' id='word_1_75' title='bbox 1054 1461 1097 1523; x_wconf 87' lang='lat' dir='ltr'>de</span> <span class='ocrx_word' id='word_1_76' title='bbox 1109 1461 1212 1523; x_wconf 90' lang='lat' dir='ltr'>tercio</span> <span class='ocrx_word' id='word_1_77' title='bbox 1223 1469 1395 1523; x_wconf 90' lang='lat' dir='ltr'>nocturno.</span> 
     </span>
     <span class='ocr_line' id='line_1_12' title="bbox 189 1542 1396 1630; baseline 0.005 -26"><span class='ocrx_word' id='word_1_78' title='bbox 189 1542 295 1606; x_wconf 88' lang='lat' dir='ltr'>Missa</span> <span class='ocrx_word' id='word_1_79' title='bbox 325 1554 468 1626; x_wconf 85' lang='lat' dir='ltr'>quatuor</span> <span class='ocrx_word' id='word_1_80' title='bbox 498 1554 686 1629; x_wconf 89' lang='lat' dir='ltr'>temporum</span> <span class='ocrx_word' id='word_1_81' title='bbox 714 1547 846 1611; x_wconf 82' lang='lat' dir='ltr'>dicitur⁸</span> <span class='ocrx_word' id='word_1_82' title='bbox 875 1547 1057 1610; x_wconf 87' lang='lat' dir='ltr'>solenniter</span> <span class='ocrx_word' id='word_1_83' title='bbox 1080 1557 1158 1630; x_wconf 91' lang='lat' dir='ltr'>post</span> <span class='ocrx_word' id='word_1_84' title='bbox 1185 1548 1321 1610; x_wconf 85' lang='lat' dir='ltr'>missam</span> <span class='ocrx_word' id='word_1_85' title='bbox 1351 1547 1396 1610; x_wconf 87' lang='lat' dir='ltr'>de</span> 
     </span>
     <span class='ocr_line' id='line_1_13' title="bbox 188 1629 1394 1713; baseline 0.005 -23"><span class='ocrx_word' id='word_1_86' title='bbox 188 1629 282 1694; x_wconf 84' lang='lat' dir='ltr'>festo.</span> <span class='ocrx_word' id='word_1_87' title='bbox 328 1631 479 1713; x_wconf 90' lang='lat' dir='ltr'>Vespere</span> <span class='ocrx_word' id='word_1_88' title='bbox 494 1643 591 1696; x_wconf 88' lang='lat' dir='ltr'>erunt</span> <span class='ocrx_word' id='word_1_89' title='bbox 606 1634 649 1696; x_wconf 92' lang='lat' dir='ltr'>de</span> <span class='ocrx_word' id='word_1_90' title='bbox 664 1647 778 1698; x_wconf 85' lang='lat' dir='ltr'>sancta</span> <span class='ocrx_word' id='word_1_91' title='bbox 797 1634 933 1711; x_wconf 85' lang='lat' dir='ltr'>Editha,</span> <span class='ocrx_word' id='word_1_92' title='bbox 948 1655 1024 1697; x_wconf 91' lang='lat' dir='ltr'>cum</span> <span class='ocrx_word' id='word_1_93' title='bbox 1044 1636 1204 1698; x_wconf 89' lang='lat' dir='ltr'>memoria</span> <span class='ocrx_word' id='word_1_94' title='bbox 1220 1636 1263 1698; x_wconf 92' lang='lat' dir='ltr'>de</span> <span class='ocrx_word' id='word_1_95' title='bbox 1277 1642 1394 1696; x_wconf 86' lang='lat' dir='ltr'>sancta</span> 
     </span>
     <span class='ocr_line' id='line_1_14' title="bbox 190 1716 1220 1803; baseline 0.008 -26"><span class='ocrx_word' id='word_1_96' title='bbox 190 1716 316 1780; x_wconf 87' lang='lat' dir='ltr'>Maria:</span> <span class='ocrx_word' id='word_1_97' title='bbox 339 1719 525 1801; x_wconf 87' lang='lat' dir='ltr'>antiphona</span> <span class='ocrx_word' id='word_1_98' title='bbox 541 1720 612 1784; x_wconf 83' lang='lat' dir='ltr'>Sub</span> <span class='ocrx_word' id='word_1_99' title='bbox 627 1730 744 1783; x_wconf 83' lang='lat' dir='ltr'>tuam:</span> <span class='ocrx_word' id='word_1_100' title='bbox 767 1731 801 1784; x_wconf 90' lang='lat' dir='ltr'>et</span> <span class='ocrx_word' id='word_1_101' title='bbox 817 1721 978 1784; x_wconf 88' lang='lat' dir='ltr'>memoria</span> <span class='ocrx_word' id='word_1_102' title='bbox 992 1724 1035 1785; x_wconf 93' lang='lat' dir='ltr'>de</span> <span class='ocrx_word' id='word_1_103' title='bbox 1052 1724 1220 1803; x_wconf 65' lang='lat' dir='ltr'>martyre.⁹</span> 
     </span>
    </p>
   </div>
   <div class='ocr_carea' id='block_1_6' title="bbox 230 1838 1395 1916">
    <p class='ocr_par' dir='ltr' id='par_1_6' title="bbox 230 1838 1395 1916">
     <span class='ocr_line' id='line_1_15' title="bbox 230 1838 1395 1916; baseline 0.003 -16"><span class='ocrx_word' id='word_1_104' title='bbox 230 1844 264 1913; x_wconf 63' lang='grc' dir='ltr'>ί</span> <span class='ocrx_word' id='word_1_105' title='bbox 288 1838 316 1900; x_wconf 89' lang='lat' dir='ltr'>F</span> <span class='ocrx_word' id='word_1_106' title='bbox 317 1840 385 1901; x_wconf 90' lang='lat' dir='ltr'>eria</span> <span class='ocrx_word' id='word_1_107' title='bbox 400 1840 502 1916; x_wconf 89' lang='lat' dir='ltr'>.v.,de</span> <span class='ocrx_word' id='word_1_108' title='bbox 514 1851 631 1903; x_wconf 84' lang='lat' dir='ltr'>sancta</span> <span class='ocrx_word' id='word_1_109' title='bbox 644 1841 771 1904; x_wconf 88' lang='lat' dir='ltr'>Maria:</span> <span class='ocrx_word' id='word_1_110' title='bbox 793 1850 828 1904; x_wconf 89' lang='lat' dir='ltr'>et</span> <span class='ocrx_word' id='word_1_111' title='bbox 844 1842 1005 1905; x_wconf 84' lang='lat' dir='ltr'>memoria</span> <span class='ocrx_word' id='word_1_112' title='bbox 1014 1842 1057 1904; x_wconf 91' lang='lat' dir='ltr'>de</span> <span class='ocrx_word' id='word_1_113' title='bbox 1071 1850 1189 1905; x_wconf 87' lang='lat' dir='ltr'>sancto</span> <span class='ocrx_word' id='word_1_114' title='bbox 1202 1840 1395 1905; x_wconf 88' lang='lat' dir='ltr'>Lamberto.</span> 
     </span>
    </p>
   </div>
   <div class='ocr_carea' id='block_1_7' title="bbox 191 1958 1393 2129">
    <p class='ocr_par' dir='ltr' id='par_1_7' title="bbox 191 1958 1393 2129">
     <span class='ocr_line' id='line_1_16' title="bbox 232 1958 1393 2044; baseline 0.002 -23"><span class='ocrx_word' id='word_1_115' title='bbox 232 1958 386 2034; x_wconf 74' lang='lat' dir='ltr'>(Feria</span> <span class='ocrx_word' id='word_1_116' title='bbox 416 1961 467 2024; x_wconf 88' lang='lat' dir='ltr'>.vi.</span> <span class='ocrx_word' id='word_1_117' title='bbox 499 1961 542 2023; x_wconf 92' lang='lat' dir='ltr'>de</span> <span class='ocrx_word' id='word_1_118' title='bbox 580 1960 668 2023; x_wconf 88' lang='lat' dir='ltr'>seria.</span> <span class='ocrx_word' id='word_1_119' title='bbox 731 1962 958 2044; x_wconf 90' lang='lat' dir='ltr'>Responsoria</span> <span class='ocrx_word' id='word_1_120' title='bbox 994 1961 1038 2025; x_wconf 90' lang='lat' dir='ltr'>de</span> <span class='ocrx_word' id='word_1_121' title='bbox 1076 1960 1184 2044; x_wconf 90' lang='lat' dir='ltr'>primo</span> <span class='ocrx_word' id='word_1_122' title='bbox 1222 1969 1393 2024; x_wconf 90' lang='lat' dir='ltr'>nocturno.</span> 
     </span>
     <span class='ocr_line' id='line_1_17' title="bbox 191 2047 666 2129; baseline 0.004 -21"><span class='ocrx_word' id='word_1_123' title='bbox 191 2047 295 2109; x_wconf 87' lang='lat' dir='ltr'>Missa</span> <span class='ocrx_word' id='word_1_124' title='bbox 310 2058 453 2128; x_wconf 88' lang='lat' dir='ltr'>quatuor</span> <span class='ocrx_word' id='word_1_125' title='bbox 468 2056 666 2129; x_wconf 88' lang='lat' dir='ltr'>temporum.</span> 
     </span>
    </p>
   </div>
   <div class='ocr_carea' id='block_1_8' title="bbox 188 2166 1395 2427">
    <p class='ocr_par' dir='ltr' id='par_1_8' title="bbox 188 2166 1395 2427">
     <span class='ocr_line' id='line_1_18' title="bbox 232 2166 1394 2250; baseline -0.001 -19"><span class='ocrx_word' id='word_1_126' title='bbox 232 2166 450 2245; x_wconf 57' lang='lat' dir='ltr'>{Sabbato</span> <span class='ocrx_word' id='word_1_127' title='bbox 479 2167 522 2230; x_wconf 92' lang='lat' dir='ltr'>de</span> <span class='ocrx_word' id='word_1_128' title='bbox 559 2167 648 2232; x_wconf 76' lang='lat' dir='ltr'>feria</span> <span class='ocrx_word' id='word_1_129' title='bbox 710 2169 936 2250; x_wconf 88' lang='lat' dir='ltr'>Responsoria</span> <span class='ocrx_word' id='word_1_130' title='bbox 971 2171 1015 2233; x_wconf 90' lang='lat' dir='ltr'>de</span> <span class='ocrx_word' id='word_1_131' title='bbox 1047 2169 1194 2232; x_wconf 86' lang='lat' dir='ltr'>secundo</span> <span class='ocrx_word' id='word_1_132' title='bbox 1224 2178 1394 2231; x_wconf 81' lang='lat' dir='ltr'>nocturno,</span> 
     </span>
     <span class='ocr_line' id='line_1_19' title="bbox 191 2254 1395 2340; baseline 0.002 -25"><span class='ocrx_word' id='word_1_133' title='bbox 191 2254 295 2316; x_wconf 87' lang='lat' dir='ltr'>Missa</span> <span class='ocrx_word' id='word_1_134' title='bbox 318 2265 462 2336; x_wconf 84' lang='lat' dir='ltr'>quatuor</span> <span class='ocrx_word' id='word_1_135' title='bbox 486 2266 685 2336; x_wconf 90' lang='lat' dir='ltr'>temporum.</span> <span class='ocrx_word' id='word_1_136' title='bbox 732 2256 788 2319; x_wconf 85' lang='lat' dir='ltr'>Ad</span> <span class='ocrx_word' id='word_1_137' title='bbox 816 2276 969 2340; x_wconf 86' lang='lat' dir='ltr'>vesperas</span> <span class='ocrx_word' id='word_1_138' title='bbox 997 2277 1063 2319; x_wconf 91' lang='lat' dir='ltr'>non</span> <span class='ocrx_word' id='word_1_139' title='bbox 1087 2257 1217 2319; x_wconf 87' lang='lat' dir='ltr'>dicatur</span> <span class='ocrx_word' id='word_1_140' title='bbox 1243 2257 1395 2338; x_wconf 90' lang='lat' dir='ltr'>Respon-</span> 
     </span>
     <span class='ocr_line' id='line_1_20' title="bbox 188 2342 1344 2427; baseline 0.002 -23"><span class='ocrx_word' id='word_1_141' title='bbox 188 2342 322 2418; x_wconf 85' lang='lat' dir='ltr'>sorinm,</span> <span class='ocrx_word' id='word_1_142' title='bbox 337 2344 395 2404; x_wconf 89' lang='lat' dir='ltr'>sed</span> <span class='ocrx_word' id='word_1_143' title='bbox 413 2342 472 2405; x_wconf 88' lang='lat' dir='ltr'>fiat</span> <span class='ocrx_word' id='word_1_144' title='bbox 488 2344 649 2405; x_wconf 82' lang='lat' dir='ltr'>memoria</span> <span class='ocrx_word' id='word_1_145' title='bbox 665 2342 708 2406; x_wconf 91' lang='lat' dir='ltr'>de</span> <span class='ocrx_word' id='word_1_146' title='bbox 723 2342 897 2420; x_wconf 87' lang='lat' dir='ltr'>Trinitate,</span> <span class='ocrx_word' id='word_1_147' title='bbox 913 2353 947 2407; x_wconf 93' lang='lat' dir='ltr'>et</span> <span class='ocrx_word' id='word_1_148' title='bbox 963 2346 1130 2427; x_wconf 89' lang='lat' dir='ltr'>processio</span> <span class='ocrx_word' id='word_1_149' title='bbox 1144 2344 1188 2406; x_wconf 86' lang='lat' dir='ltr'>ad</span> <span class='ocrx_word' id='word_1_150' title='bbox 1204 2363 1344 2406; x_wconf 83' lang='lat' dir='ltr'>crucem.</span> 
     </span>
    </p>
   </div>
   <div class='ocr_carea' id='block_1_9' title="bbox 189 2462 1397 2800">
    <p class='ocr_par' dir='ltr' id='par_1_9' title="bbox 189 2462 1397 2800">
     <span class='ocr_line' id='line_1_21' title="bbox 365 2462 1397 2546; baseline 0.002 -22"><span class='ocrx_word' id='word_1_151' title='bbox 365 2462 601 2537; x_wconf 54' lang='lat' dir='ltr'>{Dominica</span> <span class='ocrx_word' id='word_1_152' title='bbox 622 2462 662 2526; x_wconf 79' lang='lat' dir='ltr'>‚ii</span> <span class='ocrx_word' id='word_1_153' title='bbox 692 2463 827 2526; x_wconf 89' lang='lat' dir='ltr'>historie</span> <span class='ocrx_word' id='word_1_154' title='bbox 864 2464 959 2544; x_wconf 78' lang='lat' dir='ltr'>(Peto</span> <span class='ocrx_word' id='word_1_155' title='bbox 995 2463 1185 2546; x_wconf 82' lang='lat' dir='ltr'>Domine),¹⁰</span> <span class='ocrx_word' id='word_1_156' title='bbox 1213 2473 1323 2526; x_wconf 91' lang='lat' dir='ltr'>totum</span> <span class='ocrx_word' id='word_1_157' title='bbox 1354 2464 1397 2526; x_wconf 89' lang='lat' dir='ltr'>de</span> 
     </span>
     <span class='ocr_line' id='line_1_22' title="bbox 366 2548 1397 2634; baseline 0.001 -23"><span class='ocrx_word' id='word_1_158' title='bbox 366 2548 542 2611; x_wconf 90' lang='lat' dir='ltr'>dominica.</span> <span class='ocrx_word' id='word_1_159' title='bbox 604 2550 642 2612; x_wconf 89' lang='lat' dir='ltr'>ln</span> <span class='ocrx_word' id='word_1_160' title='bbox 670 2551 833 2627; x_wconf 83' lang='lat' dir='ltr'>laudibus,</span> <span class='ocrx_word' id='word_1_161' title='bbox 862 2571 928 2615; x_wconf 85' lang='lat' dir='ltr'>vna</span> <span class='ocrx_word' id='word_1_162' title='bbox 965 2551 1158 2634; x_wconf 75' lang='lat' dir='ltr'>antiphona</span> <span class='ocrx_word' id='word_1_163' title='bbox 1219 2550 1324 2613; x_wconf 90' lang='lat' dir='ltr'>Missa</span> <span class='ocrx_word' id='word_1_164' title='bbox 1353 2552 1397 2613; x_wconf 89' lang='lat' dir='ltr'>de</span> 
     </span>
     <span class='ocr_line' id='line_1_23' title="bbox 189 2634 1396 2719; baseline 0.003 -23"><span class='ocrx_word' id='word_1_165' title='bbox 189 2634 325 2715; x_wconf 87' lang='lat' dir='ltr'>vigilia¹¹</span> <span class='ocrx_word' id='word_1_166' title='bbox 348 2636 478 2698; x_wconf 88' lang='lat' dir='ltr'>dicatur</span> <span class='ocrx_word' id='word_1_167' title='bbox 501 2637 533 2699; x_wconf 93' lang='lat' dir='ltr'>in</span> <span class='ocrx_word' id='word_1_168' title='bbox 557 2637 713 2719; x_wconf 89' lang='lat' dir='ltr'>capitulo,</span> <span class='ocrx_word' id='word_1_169' title='bbox 728 2639 800 2700; x_wconf 91' lang='lat' dir='ltr'>sine</span> <span class='ocrx_word' id='word_1_170' title='bbox 827 2637 934 2702; x_wconf 81' lang='lat' dir='ltr'>Credo.</span> <span class='ocrx_word' id='word_1_171' title='bbox 980 2639 1036 2702; x_wconf 90' lang='lat' dir='ltr'>Ad</span> <span class='ocrx_word' id='word_1_172' title='bbox 1053 2658 1218 2719; x_wconf 85' lang='lat' dir='ltr'>vesperas,</span> <span class='ocrx_word' id='word_1_173' title='bbox 1235 2639 1396 2700; x_wconf 88' lang='lat' dir='ltr'>memoria</span> 
     </span>
     <span class='ocr_line' id='line_1_24' title="bbox 190 2722 1255 2800; baseline 0.005 -17"><span class='ocrx_word' id='word_1_174' title='bbox 190 2722 233 2784; x_wconf 91' lang='lat' dir='ltr'>de</span> <span class='ocrx_word' id='word_1_175' title='bbox 248 2731 365 2785; x_wconf 90' lang='lat' dir='ltr'>sancto</span> <span class='ocrx_word' id='word_1_176' title='bbox 382 2722 500 2786; x_wconf 88' lang='lat' dir='ltr'>Laudo</span> <span class='ocrx_word' id='word_1_177' title='bbox 514 2723 705 2800; x_wconf 88' lang='lat' dir='ltr'>solenniter,</span> <span class='ocrx_word' id='word_1_178' title='bbox 721 2727 780 2788; x_wconf 80' lang='lat' dir='ltr'>et¹²</span> <span class='ocrx_word' id='word_1_179' title='bbox 795 2726 858 2788; x_wconf 90' lang='lat' dir='ltr'>sub</span> <span class='ocrx_word' id='word_1_180' title='bbox 872 2725 1005 2789; x_wconf 90' lang='lat' dir='ltr'>silentio</span> <span class='ocrx_word' id='word_1_181' title='bbox 1021 2727 1064 2788; x_wconf 93' lang='lat' dir='ltr'>de</span> <span class='ocrx_word' id='word_1_182' title='bbox 1079 2725 1255 2788; x_wconf 78' lang='lat' dir='ltr'>dominica</span> 
     </span>
    </p>
   </div>
   <div class='ocr_carea' id='block_1_10' title="bbox 192 2508 338 2582">
    <p class='ocr_par' dir='ltr' id='par_1_10' title="bbox 192 2508 338 2582">
     <span class='ocr_line' id='line_1_25' title="bbox 192 2508 338 2582; baseline -0.007 -17"><span class='ocrx_word' id='word_1_183' title='bbox 192 2514 268 2582; x_wconf 87' lang='lat' dir='ltr'>Sept.</span> <span class='ocrx_word' id='word_1_184' title='bbox 283 2508 338 2581; x_wconf 66' lang='grc' dir='ltr'>κα]</span> 
     </span>
    </p>
   </div>
   <div class='ocr_carea' id='block_1_11' title="bbox 192 2841 1395 2996">
    <p class='ocr_par' dir='ltr' id='par_1_11' title="bbox 192 2841 1395 2996">
     <span class='ocr_line' id='line_1_26' title="bbox 232 2841 1395 2928; baseline 0.003 -25"><span class='ocrx_word' id='word_1_185' title='bbox 232 2847 267 2917; x_wconf 69' lang='lat'>{1</span> <span class='ocrx_word' id='word_1_186' title='bbox 291 2841 388 2905; x_wconf 90' lang='lat' dir='ltr'>Feria</span> <span class='ocrx_word' id='word_1_187' title='bbox 417 2842 457 2905; x_wconf 82' lang='lat' dir='ltr'>ii.</span> <span class='ocrx_word' id='word_1_188' title='bbox 488 2843 531 2906; x_wconf 90' lang='lat' dir='ltr'>de</span> <span class='ocrx_word' id='word_1_189' title='bbox 560 2855 678 2907; x_wconf 87' lang='lat' dir='ltr'>sancto</span> <span class='ocrx_word' id='word_1_190' title='bbox 710 2843 858 2921; x_wconf 88' lang='lat' dir='ltr'>Mathe0,</span> <span class='ocrx_word' id='word_1_191' title='bbox 890 2844 1031 2908; x_wconf 83' lang='lat' dir='ltr'>Inferius</span> <span class='ocrx_word' id='word_1_192' title='bbox 1062 2845 1210 2928; x_wconf 87' lang='lat' dir='ltr'>duplex:</span> <span class='ocrx_word' id='word_1_193' title='bbox 1248 2843 1395 2908; x_wconf 91' lang='lat' dir='ltr'>solennis</span> 
     </span>
     <span class='ocr_line' id='line_1_27' title="bbox 192 2930 686 2996; baseline 0.01 -6"><span class='ocrx_word' id='word_1_194' title='bbox 192 2930 353 2991; x_wconf 89' lang='lat' dir='ltr'>memoria</span> <span class='ocrx_word' id='word_1_195' title='bbox 368 2930 411 2991; x_wconf 88' lang='lat' dir='ltr'>de</span> <span class='ocrx_word' id='word_1_196' title='bbox 426 2939 542 2993; x_wconf 87' lang='lat' dir='ltr'>sancto</span> <span class='ocrx_word' id='word_1_197' title='bbox 559 2931 686 2996; x_wconf 79' lang='lat' dir='ltr'>Laudo,</span> 
     </span>
    </p>
   </div>
   <div class='ocr_carea' id='block_1_12' title="bbox 190 3049 1394 3199">
    <p class='ocr_par' dir='ltr' id='par_1_12' title="bbox 190 3049 1394 3199">
     <span class='ocr_line' id='line_1_28' title="bbox 232 3049 1394 3135; baseline 0.003 -25"><span class='ocrx_word' id='word_1_198' title='bbox 232 3055 266 3124; x_wconf 61' lang='grc' dir='ltr'>ιζ</span> <span class='ocrx_word' id='word_1_199' title='bbox 291 3049 387 3111; x_wconf 86' lang='lat' dir='ltr'>Feria</span> <span class='ocrx_word' id='word_1_200' title='bbox 408 3050 459 3113; x_wconf 80' lang='lat' dir='ltr'>iii.</span> <span class='ocrx_word' id='word_1_201' title='bbox 480 3051 524 3113; x_wconf 90' lang='lat' dir='ltr'>de</span> <span class='ocrx_word' id='word_1_202' title='bbox 550 3060 666 3114; x_wconf 86' lang='lat' dir='ltr'>sancto</span> <span class='ocrx_word' id='word_1_203' title='bbox 695 3052 878 3116; x_wconf 88' lang='lat' dir='ltr'>Mauricio:</span> <span class='ocrx_word' id='word_1_204' title='bbox 906 3052 951 3115; x_wconf 87' lang='lat' dir='ltr'>ix.</span> <span class='ocrx_word' id='word_1_205' title='bbox 967 3052 1134 3127; x_wconf 89' lang='lat' dir='ltr'>lectiones,</span> <span class='ocrx_word' id='word_1_206' title='bbox 1161 3052 1233 3115; x_wconf 86' lang='lat' dir='ltr'>sine</span> <span class='ocrx_word' id='word_1_207' title='bbox 1260 3052 1394 3135; x_wconf 86' lang='lat' dir='ltr'>exposi-</span> 
     </span>
     <span class='ocr_line' id='line_1_29' title="bbox 190 3135 288 3199; baseline 0.01 -2"><span class='ocrx_word' id='word_1_208' title='bbox 190 3135 288 3199; x_wconf 90' lang='lat' dir='ltr'>tione.</span> 
     </span>
    </p>
   </div>
   <div class='ocr_carea' id='block_1_13' title="bbox 234 3256 1060 3451">
    <p class='ocr_par' dir='ltr' id='par_1_13' title="bbox 234 3256 1060 3451">
     <span class='ocr_line' id='line_1_30' title="bbox 234 3256 1060 3335; baseline 0.006 -17"><span class='ocrx_word' id='word_1_209' title='bbox 234 3262 268 3331; x_wconf 65' lang='grc' dir='ltr'>(ζ</span> <span class='ocrx_word' id='word_1_210' title='bbox 292 3256 388 3319; x_wconf 91' lang='lat' dir='ltr'>Feria</span> <span class='ocrx_word' id='word_1_211' title='bbox 403 3256 465 3320; x_wconf 84' lang='lat' dir='ltr'>iiii.</span> <span class='ocrx_word' id='word_1_212' title='bbox 481 3258 524 3321; x_wconf 91' lang='lat' dir='ltr'>de</span> <span class='ocrx_word' id='word_1_213' title='bbox 538 3266 655 3320; x_wconf 86' lang='lat' dir='ltr'>sancta</span> <span class='ocrx_word' id='word_1_214' title='bbox 670 3258 782 3335; x_wconf 89' lang='lat' dir='ltr'>Tecla‚</span> <span class='ocrx_word' id='word_1_215' title='bbox 796 3279 872 3321; x_wconf 86' lang='lat' dir='ltr'>cum</span> <span class='ocrx_word' id='word_1_216' title='bbox 890 3268 1060 3323; x_wconf 90' lang='lat' dir='ltr'>nocturno.</span> 
     </span>
     <span class='ocr_line' id='line_1_31' title="bbox 234 3375 691 3451; baseline 0.004 -13"><span class='ocrx_word' id='word_1_217' title='bbox 234 3382 268 3451; x_wconf 68' lang='lat' dir='ltr'>{l</span> <span class='ocrx_word' id='word_1_218' title='bbox 293 3376 390 3439; x_wconf 84' lang='lat' dir='ltr'>Feria</span> <span class='ocrx_word' id='word_1_219' title='bbox 405 3399 444 3439; x_wconf 88' lang='lat' dir='ltr'>.v.</span> <span class='ocrx_word' id='word_1_220' title='bbox 460 3379 502 3440; x_wconf 90' lang='lat' dir='ltr'>de</span> <span class='ocrx_word' id='word_1_221' title='bbox 519 3375 604 3440; x_wconf 83' lang='lat' dir='ltr'>festo</span> <span class='ocrx_word' id='word_1_222' title='bbox 620 3377 691 3440; x_wconf 90' lang='lat' dir='ltr'>loci.</span> 
     </span>
    </p>
   </div>
   <div class='ocr_carea' id='block_1_14' title="bbox 192 3715 1402 4568">
    <p class='ocr_par' dir='ltr' id='par_1_14' title="bbox 226 3715 1213 3786">
     <span class='ocr_line' id='line_1_32' title="bbox 226 3715 1213 3786; baseline 0.002 -19"><span class='ocrx_word' id='word_1_223' title='bbox 226 3715 234 3747; x_wconf 95' lang='lat'><strong>¹</strong></span> <span class='ocrx_word' id='word_1_224' title='bbox 252 3718 348 3767; x_wconf 87' lang='lat' dir='ltr'>minus:</span> <span class='ocrx_word' id='word_1_225' title='bbox 367 3717 409 3779; x_wconf 86' lang='lat'>87,</span> <span class='ocrx_word' id='word_1_226' title='bbox 421 3718 461 3769; x_wconf 81' lang='lat'>88.</span> <span class='ocrx_word' id='word_1_227' title='bbox 822 3719 834 3751; x_wconf 73' lang='lat'>²</span> <span class='ocrx_word' id='word_1_228' title='bbox 851 3721 896 3772; x_wconf 88' lang='lat' dir='ltr'>SS.</span> <span class='ocrx_word' id='word_1_229' title='bbox 911 3721 1029 3771; x_wconf 85' lang='lat' dir='ltr'>Cornelio</span> <span class='ocrx_word' id='word_1_230' title='bbox 1039 3730 1065 3771; x_wconf 85' lang='lat' dir='ltr'>et</span> <span class='ocrx_word' id='word_1_231' title='bbox 1080 3720 1213 3786; x_wconf 81' lang='lat' dir='ltr'>Cypriano.</span> 
     </span>
    </p>

    <p class='ocr_par' dir='ltr' id='par_1_15' title="bbox 192 3783 1397 3911">
     <span class='ocr_line' id='line_1_33' title="bbox 225 3783 1397 3850; baseline 0 -17"><span class='ocrx_word' id='word_1_232' title='bbox 225 3783 236 3813; x_wconf 75' lang='lat'><strong>³</strong></span> <span class='ocrx_word' id='word_1_233' title='bbox 251 3784 284 3833; x_wconf 85' lang='lat' dir='ltr'>ad</span> <span class='ocrx_word' id='word_1_234' title='bbox 300 3786 421 3834; x_wconf 81' lang='lat' dir='ltr'>secundas</span> <span class='ocrx_word' id='word_1_235' title='bbox 438 3801 553 3850; x_wconf 77' lang='lat' dir='ltr'>vesperes</span> <span class='ocrx_word' id='word_1_236' title='bbox 568 3785 601 3835; x_wconf 84' lang='lat' dir='ltr'>de</span> <span class='ocrx_word' id='word_1_237' title='bbox 617 3801 689 3835; x_wconf 85' lang='lat' dir='ltr'>cruce</span> <span class='ocrx_word' id='word_1_238' title='bbox 701 3786 743 3835; x_wconf 85' lang='lat' dir='ltr'>fiat</span> <span class='ocrx_word' id='word_1_239' title='bbox 760 3787 896 3836; x_wconf 83' lang='lat' dir='ltr'>solenniter</span> <span class='ocrx_word' id='word_1_240' title='bbox 912 3787 1032 3836; x_wconf 85' lang='lat' dir='ltr'>memoria</span> <span class='ocrx_word' id='word_1_241' title='bbox 1048 3787 1081 3836; x_wconf 88' lang='lat' dir='ltr'>de</span> <span class='ocrx_word' id='word_1_242' title='bbox 1092 3785 1187 3836; x_wconf 84' lang='lat' dir='ltr'>octauis</span> <span class='ocrx_word' id='word_1_243' title='bbox 1202 3794 1228 3835; x_wconf 85' lang='lat' dir='ltr'>et</span> <span class='ocrx_word' id='word_1_244' title='bbox 1244 3785 1277 3835; x_wconf 90' lang='lat' dir='ltr'>de</span> <span class='ocrx_word' id='word_1_245' title='bbox 1293 3793 1397 3835; x_wconf 83' lang='lat' dir='ltr'>sancto:</span> 
     </span>
     <span class='ocr_line' id='line_1_34' title="bbox 192 3850 998 3911; baseline 0.005 -14"><span class='ocrx_word' id='word_1_246' title='bbox 192 3850 248 3897; x_wconf 70' lang='lat' dir='ltr'>adet</span> <span class='ocrx_word' id='word_1_247' title='bbox 263 3862 304 3911; x_wconf 81' lang='lat'>97,</span> <span class='ocrx_word' id='word_1_248' title='bbox 316 3862 356 3898; x_wconf 90' lang='lat'>01.</span> <span class='ocrx_word' id='word_1_249' title='bbox 826 3850 838 3881; x_wconf 71' lang='lat'><strong>¹</strong></span> <span class='ocrx_word' id='word_1_250' title='bbox 854 3853 913 3901; x_wconf 77' lang='lat' dir='ltr'>Nau</span> <span class='ocrx_word' id='word_1_251' title='bbox 929 3853 998 3901; x_wconf 72' lang='lat' dir='ltr'>unt.</span> 
     </span>
    </p>

    <p class='ocr_par' dir='ltr' id='par_1_16' title="bbox 225 3912 997 3978">
     <span class='ocr_line' id='line_1_35' title="bbox 225 3912 997 3978; baseline 0.004 -16"><span class='ocrx_word' id='word_1_252' title='bbox 225 3912 236 3943; x_wconf 76' lang='lat'><em>⁶</em></span> <span class='ocrx_word' id='word_1_253' title='bbox 254 3913 465 3978; x_wconf 82' lang='lat' dir='ltr'>Responsorium:</span> <span class='ocrx_word' id='word_1_254' title='bbox 483 3932 530 3964; x_wconf 82' lang='lat' dir='ltr'>orn.</span> <span class='ocrx_word' id='word_1_255' title='bbox 544 3914 584 3965; x_wconf 81' lang='lat'>88.</span> <span class='ocrx_word' id='word_1_256' title='bbox 827 3914 880 3967; x_wconf 75' lang='lat'>⁸8.</span> <span class='ocrx_word' id='word_1_257' title='bbox 897 3917 997 3966; x_wconf 72' lang='lat' dir='ltr'>Editha</span> 
     </span>
    </p>

    <p class='ocr_par' dir='ltr' id='par_1_17' title="bbox 225 3979 1022 4039">
     <span class='ocr_line' id='line_1_36' title="bbox 225 3979 1022 4039; baseline 0.003 -10"><span class='ocrx_word' id='word_1_258' title='bbox 225 3979 236 4011; x_wconf 86' lang='lat'>⁷</span> <span class='ocrx_word' id='word_1_259' title='bbox 253 3980 298 4029; x_wconf 87' lang='lat' dir='ltr'>SS.</span> <span class='ocrx_word' id='word_1_260' title='bbox 314 3980 436 4039; x_wconf 84' lang='lat' dir='ltr'>Eulemia,</span> <span class='ocrx_word' id='word_1_261' title='bbox 450 3981 544 4030; x_wconf 83' lang='lat' dir='ltr'>Lucina</span> <span class='ocrx_word' id='word_1_262' title='bbox 556 3990 581 4031; x_wconf 89' lang='lat' dir='ltr'>et</span> <span class='ocrx_word' id='word_1_263' title='bbox 592 3981 750 4031; x_wconf 83' lang='lat' dir='ltr'>Geminiano.</span> <span class='ocrx_word' id='word_1_264' title='bbox 826 3981 837 4012; x_wconf 81' lang='lat'>³</span> <span class='ocrx_word' id='word_1_265' title='bbox 853 3982 964 4031; x_wconf 83' lang='lat' dir='ltr'>dicatur:</span> <span class='ocrx_word' id='word_1_266' title='bbox 982 3981 1022 4031; x_wconf 82' lang='lat'>88.</span> 
     </span>
    </p>

    <p class='ocr_par' dir='ltr' id='par_1_18' title="bbox 225 4042 437 4095">
     <span class='ocr_line' id='line_1_37' title="bbox 225 4042 437 4095; baseline -0.005 0"><span class='ocrx_word' id='word_1_267' title='bbox 225 4042 237 4073; x_wconf 77' lang='lat'><strong>⁹</strong></span> <span class='ocrx_word' id='word_1_268' title='bbox 253 4046 279 4095; x_wconf 87' lang='lat' dir='ltr'>S.</span> <span class='ocrx_word' id='word_1_269' title='bbox 294 4044 437 4095; x_wconf 75' lang='lat' dir='ltr'>himberto.</span> 
     </span>
    </p>

    <p class='ocr_par' dir='ltr' id='par_1_19' title="bbox 227 4108 1300 4177">
     <span class='ocr_line' id='line_1_38' title="bbox 227 4108 1300 4177; baseline 0.001 -18"><span class='ocrx_word' id='word_1_270' title='bbox 227 4108 247 4139; x_wconf 86' lang='lat'>¹⁰</span> <span class='ocrx_word' id='word_1_271' title='bbox 264 4112 288 4159; x_wconf 86' lang='grc' dir='ltr'>Α</span> <span class='ocrx_word' id='word_1_272' title='bbox 299 4110 422 4174; x_wconf 78' lang='lat' dir='ltr'>fragment</span> <span class='ocrx_word' id='word_1_273' title='bbox 433 4110 463 4160; x_wconf 82' lang='lat' dir='ltr'>ol</span> <span class='ocrx_word' id='word_1_274' title='bbox 475 4111 595 4161; x_wconf 81' lang='lat' dir='ltr'>Carton&#39;s</span> <span class='ocrx_word' id='word_1_275' title='bbox 607 4112 666 4174; x_wconf 71' lang='lat' dir='ltr'>Pye,</span> <span class='ocrx_word' id='word_1_276' title='bbox 683 4123 753 4175; x_wconf 73' lang='grc'><em>1477,</em></span> <span class='ocrx_word' id='word_1_277' title='bbox 767 4114 855 4163; x_wconf 83' lang='lat' dir='ltr'>relates</span> <span class='ocrx_word' id='word_1_278' title='bbox 866 4122 892 4161; x_wconf 88' lang='lat' dir='ltr'>to</span> <span class='ocrx_word' id='word_1_279' title='bbox 904 4113 953 4162; x_wconf 87' lang='lat' dir='ltr'>this</span> <span class='ocrx_word' id='word_1_280' title='bbox 965 4112 1063 4177; x_wconf 86' lang='lat' dir='ltr'>portion</span> <span class='ocrx_word' id='word_1_281' title='bbox 1075 4111 1103 4161; x_wconf 82' lang='lat' dir='ltr'>ol</span> <span class='ocrx_word' id='word_1_282' title='bbox 1117 4112 1160 4161; x_wconf 88' lang='lat' dir='ltr'>the</span> <span class='ocrx_word' id='word_1_283' title='bbox 1171 4111 1300 4162; x_wconf 78' lang='lat' dir='ltr'>Ordinate.</span> 
     </span>
    </p>

    <p class='ocr_par' dir='ltr' id='par_1_20' title="bbox 194 4175 1400 4355">
     <span class='ocr_line' id='line_1_39' title="bbox 228 4175 1399 4241; baseline 0.001 -17"><span class='ocrx_word' id='word_1_284' title='bbox 228 4175 425 4236; x_wconf 63' lang='lat' dir='ltr'>“nDominim</span> <span class='ocrx_word' id='word_1_285' title='bbox 448 4176 472 4240; x_wconf 84' lang='lat' dir='ltr'>ij.</span> <span class='ocrx_word' id='word_1_286' title='bbox 498 4186 551 4226; x_wconf 80' lang='lat' dir='ltr'>tota</span> <span class='ocrx_word' id='word_1_287' title='bbox 576 4188 689 4227; x_wconf 87' lang='lat' dir='ltr'>cantetur</span> <span class='ocrx_word' id='word_1_288' title='bbox 717 4178 826 4227; x_wconf 78' lang='lat' dir='ltr'>historia.</span> <span class='ocrx_word' id='word_1_289' title='bbox 884 4178 937 4238; x_wconf 91' lang='lat' dir='ltr'>[‘in</span> <span class='ocrx_word' id='word_1_290' title='bbox 961 4178 1075 4226; x_wconf 78' lang='lat' dir='ltr'>laudibus</span> <span class='ocrx_word' id='word_1_291' title='bbox 1097 4193 1146 4225; x_wconf 86' lang='lat' dir='ltr'>vna</span> <span class='ocrx_word' id='word_1_292' title='bbox 1167 4176 1320 4241; x_wconf 81' lang='lat' dir='ltr'>antiphonn’</span> <span class='ocrx_word' id='word_1_293' title='bbox 1342 4177 1399 4225; x_wconf 79' lang='lat' dir='ltr'>add.</span> 
     </span>
     <span class='ocr_line' id='line_1_40' title="bbox 194 4240 1400 4305; baseline 0.002 -17"><span class='ocrx_word' id='word_1_294' title='bbox 194 4240 358 4304; x_wconf 78' lang='lat' dir='ltr'>Gascoigne,]</span> <span class='ocrx_word' id='word_1_295' title='bbox 386 4241 416 4304; x_wconf 67' lang='lat' dir='ltr'>ije</span> <span class='ocrx_word' id='word_1_296' title='bbox 423 4257 524 4305; x_wconf 85' lang='lat' dir='ltr'>vespere</span> <span class='ocrx_word' id='word_1_297' title='bbox 536 4252 607 4292; x_wconf 89' lang='lat' dir='ltr'>erunt</span> <span class='ocrx_word' id='word_1_298' title='bbox 615 4243 647 4292; x_wconf 89' lang='lat' dir='ltr'>de</span> <span class='ocrx_word' id='word_1_299' title='bbox 659 4244 752 4293; x_wconf 83' lang='lat' dir='ltr'>Sancto</span> <span class='ocrx_word' id='word_1_300' title='bbox 762 4245 874 4293; x_wconf 78' lang='lat' dir='ltr'>Matheo.</span> <span class='ocrx_word' id='word_1_301' title='bbox 886 4254 910 4292; x_wconf 92' lang='lat' dir='ltr'>et</span> <span class='ocrx_word' id='word_1_302' title='bbox 919 4243 1029 4292; x_wconf 84' lang='lat' dir='ltr'>solennis</span> <span class='ocrx_word' id='word_1_303' title='bbox 1038 4242 1156 4292; x_wconf 87' lang='lat' dir='ltr'>memoria</span> <span class='ocrx_word' id='word_1_304' title='bbox 1167 4244 1199 4292; x_wconf 88' lang='lat' dir='ltr'>de</span> <span class='ocrx_word' id='word_1_305' title='bbox 1208 4252 1294 4292; x_wconf 82' lang='lat' dir='ltr'>sancto</span> <span class='ocrx_word' id='word_1_306' title='bbox 1304 4242 1400 4291; x_wconf 80' lang='lat' dir='ltr'>Laudo.</span> 
     </span>
     <span class='ocr_line' id='line_1_41' title="bbox 194 4306 492 4355; baseline 0 0"><span class='ocrx_word' id='word_1_307' title='bbox 194 4306 304 4355; x_wconf 88' lang='lat' dir='ltr'>Demum</span> <span class='ocrx_word' id='word_1_308' title='bbox 316 4306 347 4355; x_wconf 89' lang='lat' dir='ltr'>de</span> <span class='ocrx_word' id='word_1_309' title='bbox 359 4306 492 4355; x_wconf 84' lang='lat' dir='ltr'>dominica.</span> 
     </span>
    </p>

    <p class='ocr_par' dir='ltr' id='par_1_21' title="bbox 195 4371 1402 4487">
     <span class='ocr_line' id='line_1_42' title="bbox 229 4371 1402 4438; baseline 0.002 -19"><span class='ocrx_word' id='word_1_310' title='bbox 229 4371 300 4420; x_wconf 71' lang='lat' dir='ltr'>feria</span> <span class='ocrx_word' id='word_1_311' title='bbox 312 4387 335 4419; x_wconf 84' lang='lat' dir='ltr'>v.</span> <span class='ocrx_word' id='word_1_312' title='bbox 350 4382 375 4419; x_wconf 86' lang='lat' dir='ltr'>et</span> <span class='ocrx_word' id='word_1_313' title='bbox 392 4373 498 4421; x_wconf 80' lang='lat' dir='ltr'>sabbato</span> <span class='ocrx_word' id='word_1_314' title='bbox 513 4372 546 4421; x_wconf 89' lang='lat' dir='ltr'>de</span> <span class='ocrx_word' id='word_1_315' title='bbox 563 4372 825 4422; x_wconf 77' lang='lat' dir='ltr'>comemoracionibus</span> <span class='ocrx_word' id='word_1_316' title='bbox 862 4373 890 4423; x_wconf 91' lang='lat' dir='ltr'>Si</span> <span class='ocrx_word' id='word_1_317' title='bbox 909 4372 1002 4423; x_wconf 85' lang='lat' dir='ltr'>luerint</span> <span class='ocrx_word' id='word_1_318' title='bbox 1017 4373 1052 4438; x_wconf 87' lang='lat' dir='ltr'>iij.</span> <span class='ocrx_word' id='word_1_319' title='bbox 1073 4372 1307 4431; x_wconf 84' lang='lat' dir='ltr'>comemoraciones,</span> <span class='ocrx_word' id='word_1_320' title='bbox 1320 4371 1346 4421; x_wconf 91' lang='lat' dir='ltr'>in</span> <span class='ocrx_word' id='word_1_321' title='bbox 1358 4371 1402 4436; x_wconf 86' lang='lat' dir='ltr'>iiij.</span> 
     </span>
     <span class='ocr_line' id='line_1_43' title="bbox 195 4435 589 4487; baseline 0 -1"><span class='ocrx_word' id='word_1_322' title='bbox 195 4435 255 4486; x_wconf 84' lang='lat' dir='ltr'>leria</span> <span class='ocrx_word' id='word_1_323' title='bbox 267 4436 310 4485; x_wconf 82' lang='lat' dir='ltr'>liat</span> <span class='ocrx_word' id='word_1_324' title='bbox 322 4453 371 4485; x_wconf 81' lang='lat' dir='ltr'>vna</span> <span class='ocrx_word' id='word_1_325' title='bbox 382 4437 589 4487; x_wconf 80' lang='lat' dir='ltr'>comemoracio.”</span> 
     </span>
    </p>

    <p class='ocr_par' dir='ltr' id='par_1_22' title="bbox 228 4499 1141 4568">
     <span class='ocr_line' id='line_1_44' title="bbox 228 4499 1141 4568; baseline -0.001 -16"><span class='ocrx_word' id='word_1_326' title='bbox 228 4499 247 4531; x_wconf 91' lang='lat'>¹¹</span> <span class='ocrx_word' id='word_1_327' title='bbox 265 4501 291 4552; x_wconf 88' lang='lat' dir='ltr'>S.</span> <span class='ocrx_word' id='word_1_328' title='bbox 308 4502 424 4552; x_wconf 82' lang='lat' dir='ltr'>Matthei.</span> <span class='ocrx_word' id='word_1_329' title='bbox 830 4500 850 4533; x_wconf 82' lang='lat'>¹²</span> <span class='ocrx_word' id='word_1_330' title='bbox 866 4503 964 4568; x_wconf 88' lang='lat' dir='ltr'>primo:</span> <span class='ocrx_word' id='word_1_331' title='bbox 977 4505 1033 4552; x_wconf 83' lang='lat' dir='ltr'>add.</span> <span class='ocrx_word' id='word_1_332' title='bbox 1047 4514 1089 4564; x_wconf 87' lang='lat'>97,</span> <span class='ocrx_word' id='word_1_333' title='bbox 1100 4515 1141 4552; x_wconf 79' lang='grc' dir='ltr'>οι.</span> 
     </span>
    </p>
   </div>
   <div class='ocr_carea' id='block_1_15' title="bbox 0 0 1676 5220">
    <p class='ocr_par' dir='ltr' id='par_1_23' title="bbox 0 0 1676 5220">
     <span class='ocr_line' id='line_1_45' title="bbox 0 0 1676 5220; baseline 0 0"><span class='ocrx_word' id='word_1_334' title='bbox 0 0 1676 5220; x_wconf 95' lang='lat' dir='ltr'> </span> 
     </span>
    </p>
   </div>
  </div>
 </body>
</html>
