3326 5208
633 465 732 526 QUIN
733 465 817 515 TUM
832 466 859 514 C.
895 466 953 514 viii.
1335 479 1382 529 243

176 667 206 719 Μ
258 665 276 718 h
351 622 385 691 (Ι
409 617 587 716 Dominica
602 618 635 679 in
651 617 937 718 quinquagesima,
952 627 1061 682 totum
1079 619 1121 682 de
1136 618 1323 682 dominica:
1347 633 1381 682 et

208 683 256 719 ³¹⁰
290 664 328 736 7']
352 723 511 767 memona
526 714 657 767 tantum
674 707 717 768 de
731 706 932 786 virginibus.l

213 818 249 889 (Ι
273 814 369 877 Feria
383 816 421 878 .ii.
438 816 481 879 de
497 815 583 879 sesto
597 816 668 880 loci.

216 931 250 1000 (Ι
275 926 372 990 Feria
387 929 435 991 .iii.
451 929 494 990 de
509 938 626 992 sancta
643 929 757 993 Maria

216 1043 249 1112 (Ι
275 1038 371 1102 Fesia
386 1041 446 1103 .iiii.
463 1041 495 1103 in
512 1042 621 1123 capite
636 1041 753 1115 ieiunii,
770 1042 813 1104 de
830 1041 909 1104 feria
925 1051 1041 1105 totum.

216 1155 250 1225 (Ι
275 1150 332 1212 Ab
358 1152 421 1214 hac
447 1154 506 1217 .iiii.
534 1153 622 1229 seria,
645 1174 749 1235 vsque
775 1155 817 1216 ad
844 1163 982 1217 octauas
1010 1155 1121 1231 Pasce,
1151 1155 1230 1217 nihil
1257 1154 1316 1219 fiat
1340 1158 1383 1219 de

173 1235 265 1299 lestis
282 1239 380 1300 trium
405 1239 594 1312 lectionum.
611 1241 671 1303 nisi
694 1251 826 1304 tantum
848 1241 1010 1303 memoria
1032 1242 1075 1305 ad
1098 1262 1253 1323 vesperas
1278 1254 1311 1306 et
1338 1246 1380 1307 ad

174 1325 356 1387 matutinas
372 1327 415 1389 de
430 1339 548 1390 sancta
571 1328 686 1391 Maria.

216 1441 249 1510 (Ι
275 1437 371 1499 Feria
392 1460 439 1514 .v.,
462 1450 497 1501 et
524 1440 675 1515 sabbato,
689 1440 732 1502 de
756 1440 884 1503 ieiunio.
930 1440 977 1502 Et
1000 1440 1034 1502 in
1061 1440 1202 1504 sabbato
1228 1442 1381 1505 dicantur

174 1523 401 1604 Responsoria
417 1525 549 1590 ferialia

216 1640 249 1710 (Ι
274 1636 371 1698 Feria
386 1639 433 1701 .vi.
450 1639 492 1702 de
515 1649 633 1702 sancto
655 1638 825 1720 Gregorio,
844 1638 983 1702 lnlerius
999 1638 1136 1721 duplex,
1152 1640 1197 1702 ix.
1214 1640 1380 1704 lectiones

173 1721 365 1802 Capitulum
389 1773 395 1785 .
419 1724 502 1787 Ecce
537 1726 702 1788 sacerdos:
736 1740 771 1790 et
808 1725 953 1788 solennis
980 1728 1140 1789 memoria
1175 1727 1218 1789 de
1253 1729 1380 1792 ieiunio,

170 1807 196 1890 [l
213 1809 266 1891 .ii.]
314 1810 353 1872 ln
371 1810 534 1889 laudibuS,
549 1814 596 1876 et²
612 1814 654 1875 ad
671 1813 817 1889 terciam,
832 1812 1025 1895 Capitulum
1041 1813 1306 1878 Benedictienem.

175 1933 275 1986 March
292 1930 343 2003 14]
378 1930 411 1999 (ζ
435 1924 612 1987 Dominica
623 1926 729 2007 prima
744 1925 1007 2006 quadragesime,
1022 1935 1131 1989 totum
1148 1927 1191 1989 de
1206 1928 1381 1992 dominica.

215 2041 249 2111 (Ι
274 2038 369 2099 chia
385 2038 423 2100 .ii.
439 2038 487 2100 .iii.
504 2038 563 2100 .iiii.
586 2049 620 2101 et
636 2039 694 2111 .vi,
711 2038 754 2100 de
780 2038 909 2100 ieiunio,
955 2037 1001 2100 Et
1023 2039 1055 2100 in
1071 2038 1131 2101 .iiii.
1149 2039 1229 2102 feria
1253 2040 1382 2104 dicatus

175 2123 436 2205 Responsorium
455 2124 574 2187 feriale.

216 2240 249 2310 (Ι
275 2236 370 2297 Feria
393 2257 431 2298 .v.
458 2238 501 2298 de
537 2246 655 2299 sancto
690 2237 866 2312 Eduardo,
902 2235 1116 2319 antiphona.
1141 2237 1206 2301 Iste
1241 2250 1382 2302 sanctas.

172 2321 374 2404 Capitulum.
420 2322 543 2385 Beatus
588 2323 649 2399 vir,
697 2324 758 2405 qui
806 2324 842 2385 in
878 2324 1045 2404 sapientia.
1088 2325 1381 2408 Responsorium.

172 2408 294 2471 Beatus
309 2411 371 2485 vir,
386 2410 445 2491 qui
456 2409 579 2491 suffert.

216 2526 249 2596 (Ι
274 2519 434 2598 Sabbat0,
446 2523 488 2584 de
500 2534 618 2585 sancto
634 2520 829 2597 Cuthberto‚
840 2522 885 2586 ix.
899 2522 1066 2597 lectiones,
1079 2524 1149 2586 sine
1160 2525 1379 2607 expositione.

173 2645 274 2698 March
288 2642 343 2714 aa]
371 2642 404 2711 Q
429 2636 607 2699 Dominica
622 2635 659 2697 .ii.
676 2636 938 2717 quadragesime,
954 2644 1062 2698 totum
1087 2636 1129 2698 de
1144 2636 1318 2700 dominica.

215 2754 250 2823 Q
274 2748 370 2810 Feria
386 2749 423 2811 .ii.
440 2749 482 2810 de
497 2756 615 2810 sancto
632 2747 822 2821 Benedicto,
838 2747 882 2809 ix.
899 2745 1065 2809 lectiones.

215 2866 249 2935 [s
274 2860 369 2922 Fesia
393 2882 429 2923 ,κη
455 2860 498 2921 de
531 2858 803 2921 Annunciatione
838 2859 934 2921 beate
971 2858 1083 2933 Mane,
1109 2860 1217 2921 minus
1244 2860 1379 2942 duplex.

174 2947 229 3010 Ad
257 2958 414 3028 vtrasque
440 2966 603 3027 vesperaS,
627 2957 661 3008 et
697 2946 739 3007 ad
766 2946 955 3021 matutinaS,
981 2945 1126 3007 solennis
1152 2948 1311 3009 memoria
1338 2950 1380 3010 de

170 3035 299 3096 ieiunio.
349 3034 387 3096 ln
404 3032 470 3096 fine
486 3033 611 3113 hymni,
627 3034 669 3095 ad
693 3032 956 3114 completorium,
971 3033 1099 3095 dicatus
1116 3052 1229 3096 versus
1246 3033 1379 3113 (Gloria

170 3122 238 3195 tibi,
255 3121 403 3196 Domine,
418 3122 478 3202 qui
490 3129 597 3196 natus,
613 3118 685 3200 ac.)

213 3238 246 3308 (Ι
271 3233 367 3295 Feria
389 3234 438 3296 .iii.
462 3233 522 3295 .iiii.
547 3232 605 3305 .vi,
628 3242 662 3294 et
685 3230 835 3305 sabbato,
863 3231 905 3292 de
929 3230 1056 3294 ieiunio.
1103 3232 1149 3294 Et
1174 3232 1207 3293 in
1234 3232 1282 3296 .vi.
1300 3232 1380 3295 seria

169 3320 299 3382 dicatur
315 3321 457 3401 primum
484 3319 744 3400 Responsorium
769 3318 889 3394 feriale,
904 3330 938 3380 et
961 3318 1050 3381 aliud
1075 3319 1106 3380 in
1134 3318 1285 3395 sabbato,
1301 3341 1377 3382 cum

173 3408 397 3488 Responsorio
413 3407 524 3484 Pater,
532 3407 671 3487 peccaui.

171 3531 273 3585 March
287 3527 341 3599 28.]
372 3526 405 3595 (ζ
430 3519 607 3582 Dominica
622 3518 670 3581 .iii.
683 3517 946 3599 quadragesime,
963 3526 1070 3579 totum
1087 3518 1128 3579 de
1144 3518 1318 3581 dominica.

211 3640 245 3710 (Ι
270 3635 367 3696 Feria
381 3633 418 3696 .ii.
435 3633 483 3695 .iii.
499 3632 558 3695 ,iiii
575 3653 611 3694 .v.
627 3640 661 3692 et
676 3631 732 3705 .vi,
749 3631 791 3692 de
807 3630 934 3692 ieiunio.

211 3753 245 3823 (Ι
270 3748 365 3809 Feria
380 3747 439 3808 .iiii.
456 3745 585 3808 dicatur
600 3744 741 3825 primum
760 3742 1020 3823 Responsorium
1037 3741 1158 3819 feriale,
1172 3754 1206 3805 et
1229 3744 1294 3806 alia
1309 3744 1376 3806 duo

170 3835 201 3896 in
217 3843 318 3896 sexta
334 3833 420 3896 seria.

211 3951 245 4021 (Ι
269 3944 429 4020 Sabbata,
445 3943 488 4005 de
502 3953 620 4005 sancto
637 3941 790 4018 Ricard0,
806 3941 850 4003 ix.
867 3940 1025 4003 lectiones
1040 3942 1083 4003 de
1099 3943 1276 4006 communi.

165 4069 248 4140 April
260 4067 298 4139 4]
342 4063 375 4132 (Ι
400 4055 578 4120 Dominica
592 4054 657 4116 .iiii.
674 4053 936 4135 quadragesime,
953 4061 1061 4115 totum
1078 4053 1120 4115 de
1135 4054 1309 4119 dominica.

212 4179 245 4248 (
267 4171 338 4234 3Αά
355 4188 519 4251 vesperaS,
534 4167 680 4230 solennis
697 4166 855 4228 memoria
871 4166 913 4227 de
936 4164 1125 4229 dominica.³

199 4453 208 4484 ¹
226 4456 272 4504 SS.
288 4456 334 4503 Pet
368 4468 409 4504 tua
421 4464 445 4503 et
458 4452 596 4503 Felicitate.
826 4447 838 4479 ²
854 4459 895 4501 et:
911 4462 1012 4500 am.01.

194 4518 251 4555 3-3
266 4537 314 4571 ont.
345 4530 368 4581 7,
381 4518 421 4569 88.
