3330 5218
473 460 693 513 sacuunuu
709 462 743 510 A.
778 460 856 510 xviii.
880 475 924 509 xv.
948 476 975 510 x.
999 461 1046 509 vu.
1350 469 1381 524 53

222 623 257 693 (Ι
282 615 379 678 Feria
402 614 441 677 ii
465 615 507 678 de
529 624 646 677 sancta
671 612 802 676 Batilde
826 633 902 676 cum
928 622 1099 676 nocturno.
1144 612 1379 676 inuitatorium

177 703 346 786 simplex:
378 701 423 764 et¹
447 701 495 763 sic
520 701 578 765 fiat
601 702 632 762 in
657 701 813 763 omnibus
830 699 931 762 feriis¹
958 696 1042 774 tres†
1068 699 1239 763 lectionesl
1255 749 1262 763 .
1277 720 1382 781 vsque
1448 713 1453 719 ·

179 791 223 853 ad
240 799 342 872 caput
358 788 479 851 ieiunii.
525 788 801 869 Responsorium³
822 787 973 868 Regnum
995 787 1134 851 mundi:
1161 786 1322 850 memoria
1337 787 1380 849 de

180 887 298 940 sancta
314 876 430 951 Maria,
445 875 538 938 etde
553 875 720 938 Omnibus
737 873 878 937 Sanctis.

222 1002 256 1072 (Ι
279 996 378 1058 Feria
393 994 445 1057 .iii.
461 995 503 1056 de
519 992 606 1056 sesto
622 993 694 1068 loci,
709 1005 743 1056 et
759 993 919 1056 memoria
933 993 976 1055 de
991 1001 1106 1056 sancta
1123 993 1238 1057 Maria

180 1204 225 1266 de
239 1202 387 1266 secundo
403 1210 576 1277 nocturn0,
590 1220 666 1263 cum
683 1201 909 1281 Responsorio
923 1199 1041 1262 Induit
1055 1222 1111 1263 mc.
1165 1248 1170 1253 .

224 1329 257 1399 (Ι
282 1323 378 1385 Feria
393 1343 431 1384 .v.
448 1321 571 1384 festum
589 1318 840 1398 Purificationis‚
852 1319 959 1382 maius
971 1319 1107 1402 duplex.
1145 1321 1202 1384 Ad
1218 1321 1382 1384 secundas

177 1408 526 1560 paegptegaffialgiyomnus,
549 1405 648 1484 Quod
664 1407 780 1469 chorus
801 1417 938 1470 vatum:
961 1407 1053 1470 nulla
1075 1407 1134 1470 fiat
1157 1407 1318 1471 memoria
1339 1408 1381 1471 de

223 1622 257 1692 (Ι
279 1615 378 1678 Feria
403 1614 452 1677 .vi.
477 1614 520 1676 de
544 1621 662 1675 sancto
686 1613 808 1690 Blasio,
832 1622 898 1676 tres
919 1613 1087 1690 lectiones,
1109 1634 1185 1677 cum
1210 1624 1383 1679 nocturno.

180 1702 374 1786 Capitulum
394 1700 512 1766 Omnis
519 1701 672 1781 pontifex.

223 1828 256 1898 (Ι
279 1821 439 1898 Sabbat0,
459 1821 503 1882 de
526 1832 643 1883 sancta
668 1820 784 1883 Maria
842 1820 908 1883 Vbi
937 1818 1020 1883 fiunt
1048 1830 1114 1883 tres
1139 1839 1382 1883 commemora-

178 1910 297 1984 tiones,
319 1910 354 1971 in
380 1909 419 1970 .ii.
445 1907 525 1969 seria
551 1905 610 1970 fiat
634 1908 754 1990 prima⁴
781 1907 1074 1971 commemoratio:
1099 1918 1133 1971 et
1156 1908 1381 1990 Responsoria

179 1995 307 2060 ferialia
321 1995 614 2077 pretermittantur.

223 2121 256 2191 (Ι
281 2114 459 2177 Dominica
474 2114 507 2176 in
524 2114 745 2196 sexagesima,
756 2121 830 2176 tota
844 2113 964 2177 dicitur
978 2113 1123 2177 historia

357 2239 390 2309 (Ι
414 2233 552 2296 Festum
576 2244 692 2296 sancte
714 2232 851 2315 Agathe
867 2233 1037 2297 differatur
1052 2254 1157 2316 vsque
1173 2235 1231 2297 ad⁵
1247 2234 1381 2297 terciam

180 2286 250 2341 Feb·
265 2282 302 2354 5']
358 2320 483 2383 seriam.
518 2321 673 2384 Secunde
683 2340 820 2403 vespere
832 2329 930 2383 erunt
939 2320 982 2383 de
991 2321 1167 2398 dominica,
1178 2331 1212 2384 et
1223 2321 1382 2384 memoria

180 2408 224 2471 de
239 2406 491 2470 consessoribus.

224 2532 258 2603 (Ι
281 2526 310 2588 F
311 2527 379 2590 eria
393 2528 434 2589 .ii.
450 2528 492 2589 de
508 2527 633 2590 sanctis
649 2526 802 2590 Vedasto
817 2537 851 2590 et
867 2526 1038 2603 Amando‚
1053 2548 1129 2590 cum
1146 2537 1317 2591 nocturno.

223 2653 257 2722 (Ι
281 2647 309 2709 F
310 2646 378 2709 eria
393 2648 445 2708 .iii.
461 2647 504 2709 de
519 2657 634 2709 sancta
656 2646 803 2729 Agatha,
825 2648 870 2709 ix.
891 2647 1058 2724 lectiones,
1076 2648 1148 2711 sine
1163 2648 1382 2731 expositione.

181 2732 377 2816 Capitulum
396 2733 581 2814 confitebor.

224 2858 259 2928 (Ι
282 2853 380 2916 Feria
394 2854 458 2917 iiii.
475 2853 518 2916 de
534 2855 632 2931 feriis,
647 2874 722 2916 cum
741 2854 974 2937 Responsoriis
989 2854 1198 2919 dominicalis
1214 2856 1357 2918 historie.

224 2979 258 3049 (Ι
282 2974 378 3036 Feria
393 2996 430 3036 .v.
448 2973 490 3036 de
506 2974 593 3037 sesto
608 2974 680 3037 loci.

224 3099 258 3169 (Ι
282 3093 379 3156 Feria
401 3094 450 3156 .vi.
474 3093 517 3156 de
539 3103 656 3157 sancta
675 3092 868 3171 Scolastica,
882 3114 958 3157 cum
975 3106 1145 3158 nocturno,
1191 3094 1382 3179 Capitulum

183 3177 255 3257 Qui
260 3180 451 3262 gloriatur.⁶

225 3306 259 3376 (Ι
282 3299 443 3374 Sabbato.
455 3301 498 3363 de
509 3312 626 3364 sancta
638 3300 753 3363 Maria.
788 3300 855 3364 Vbi
868 3300 952 3364 fiunt
963 3313 1030 3365 tres
1041 3303 1383 3378 commemorationes

181 3387 216 3450 in
232 3388 295 3449 iiii
312 3389 393 3451 seria
409 3389 479 3452 fiet⁷
495 3389 602 3469 prima
617 3389 899 3450 commemoratio

184 3512 253 3565 Feb.
270 3507 324 3579 12.]
361 3513 394 3583 (Ι
419 3508 599 3570 Dominica
614 3507 647 3568 in
664 3508 950 3590 quinquagesima,
966 3517 1038 3572 tota
1053 3508 1182 3571 dicatur
1197 3507 1341 3571 historia

224 3625 258 3695 (Ι
283 3619 379 3682 Feria
395 3619 433 3681 .ii.
450 3619 492 3682 dc
509 3618 595 3681 sesto
610 3617 681 3681 loci.

224 3744 258 3815 (Ι
283 3738 380 3801 Feria
395 3738 446 3800 .iii.
462 3737 505 3800 de
521 3748 638 3801 sancta
655 3738 772 3814 Maria,
786 3749 820 3802 et
837 3740 998 3801 memoria
1013 3740 1055 3802 de
1071 3749 1188 3802 sancto
1198 3739 1386 3803 Valentino.

224 3863 258 3934 (Ι
283 3858 380 3920 Feria
394 3858 458 3920 .iiii.
474 3858 507 3919 in
524 3859 633 3939 capite
649 3858 769 3933 ieiunii,
786 3858 828 3922 de
844 3860 982 3922 seruicio
998 3859 1110 3921 feriali.

226 3984 260 4054 (Ι
284 3977 446 4059 Sequenti
463 3977 605 4040 sabbato
621 3979 749 4041 ferialia
765 3980 991 4062 Responsoria
1007 3981 1131 4061 pariter
1145 3988 1327 4044 cantentur.

216 4170 267 4208 ¹.1
285 4171 357 4221 etsie
369 4171 411 4220 fiet
423 4170 448 4219 in
459 4171 576 4222 omnibus
587 4173 656 4222 sestis
666 4172 740 4222 trium
752 4173 903 4224 lectionum:
921 4187 962 4236 97,
973 4188 1015 4225 01.

215 4236 227 4267 ²
242 4236 328 4286 festis:
346 4235 387 4297 87,
400 4235 440 4294 88,
454 4248 493 4296 97.
897 4239 908 4269 ³
924 4240 1028 4289 tercium
1040 4238 1254 4304 Responsorium:
1272 4237 1313 4300 87,
1326 4237 1366 4287 88.

216 4300 228 4331 ⁴
244 4302 287 4350 fiat
298 4318 363 4350 uuaz
380 4300 421 4362 87,
434 4300 474 4350 88.

216 4365 227 4396 ⁵
242 4368 269 4415 in
280 4367 381 4415 terciam
393 4367 480 4416 feriam
492 4383 593 4431 vespere
604 4379 675 4417 erunt
687 4386 693 4417 :
705 4366 747 4430 87,
759 4366 799 4418 88.
836 4369 876 4419 De
892 4369 940 4419 hac
951 4370 1036 4434 regula
1047 4369 1103 4420 vide
1117 4371 1192 4420 Crede
1203 4369 1295 4430 Mz‘chi,
1305 4370 1333 4429 (ὅ
1343 4368 1385 4430 69,

185 4430 233 4525 ¹³⁶8
243 4430 589 4562 'cffssuilffiuigloriaturz
605 4513 652 4547 orn.
666 4496 708 4559 87,
724 4495 763 4547 88.
897 4497 985 4561 ⁷fiat3
1002 4498 1044 4561 87,
1056 4498 1096 4550 88.
