3316 5220
280 466 339 516 292
616 454 738 504 DIREC
742 454 767 504 Τ
763 446 892 506 ottus!
919 456 1186 507 SACERDOTUM.

334 612 368 682 {1
393 607 490 670 Feria
511 607 550 671 ii.
574 606 625 671 iii.
642 617 676 670 et
691 628 739 685 .v.,
760 608 804 671 de
826 607 957 672 ieiunio.
1004 610 1050 674 Et
1073 609 1106 672 in
1130 609 1248 691 quinta
1272 608 1353 674 seria
1375 609 1498 674 dicitur

292 694 556 778 Responsorium
572 694 691 758 feriale.

335 811 369 881 (Ι
392 806 489 870 Feria
518 826 581 870 ‚un
608 807 651 870 de
677 815 794 870 sancto
825 807 1001 871 Edwardo.
1048 807 1105 871 Ad
1131 828 1297 891 vesperas,
1311 809 1498 893 antiphona

291 891 510 957 lstesanctus.
554 892 748 976 Capitulum
771 894 894 958 Beatus
915 895 978 971 vir,
993 895 1054 976 qui
1073 895 1109 957 in
1130 896 1316 977 sapientia:
1344 896 1498 979 Respon-

291 980 355 1042 sori
359 999 415 1044 um
429 979 553 1044 Beatus
566 980 630 1057 vir,
645 981 706 1062 qm‘
720 980 845 1062 suffert.

333 1097 368 1167 (I
391 1092 488 1192 bieria
524 1092 582 1169 ,vi.,
631 1093 674 1155 de
711 1102 828 1156 sancto
877 1092 1082 1158 Cuthberto:
1127 1095 1172 1158 ix.
1219 1094 1378 1160 lectiones
1425 1095 1498 1158 sine

290 1189 509 1261 expositione.
564 1236 566 1239 ,

332 1295 367 1365 ΙΙ
390 1289 550 1369 Sabbato,
582 1292 626 1356 de
662 1301 780 1356 sancto
811 1293 1012 1357 Benedicto:
1051 1293 1096 1357 ix.
1127 1293 1296 1368 lectiones,
1333 1295 1405 1358 sine
1437 1314 1498 1357 ex-

290 1376 463 1458 positione.
517 1378 573 1442 Ad
605 1399 760 1462 vesperas
782 1378 826 1443 de
847 1379 1025 1457 dominica,
1048 1379 1152 1444 nulla¹
1179 1378 1237 1445 fiat
1264 1383 1427 1445 memoria
1454 1382 1500 1444 dc

289 1473 407 1528 sancto
423 1465 617 1544 Benedicto,
631 1467 812 1531 secundum
829 1465 985 1530 ordinale.

290 1591 362 1646 Mar.
376 1589 431 1662 za]
462 1583 497 1653 ([
520 1578 699 1641 Dominica
714 1577 747 1640 in
766 1579 925 1642 Passione
940 1578 1088 1655 Domini,
1104 1588 1213 1643 totum
1229 1581 1273 1644 de
1288 1579 1467 1646 dominica

331 1699 366 1769 (I
389 1693 486 1757 Feria
501 1692 540 1758 ii.
557 1692 608 1757 iii.
632 1714 668 1757 .v.
691 1692 750 1768 ,vi.,
774 1701 807 1755 et
830 1692 981 1767 sabbato,
1003 1692 1047 1756 de
1070 1691 1200 1758 ieiunio.
1247 1693 1293 1757 Et
1317 1696 1351 1758 in
1376 1696 1500 1777 quinta

287 1780 532 1932 {eriasgicitur'
570 1790 727 1843 octauum
768 1778 1032 1860 Responsorium
1070 1778 1216 1858 historie,
1246 1801 1324 1845 cum
1362 1782 1500 1846 duobus

300 1888 462 1932 enatus.

329 1985 364 2055 (I
387 1980 485 2044 Feria
499 1999 572 2056 sm,
595 1979 734 2041 Festum
762 1975 1043 2040 Annunciationis
1071 1977 1195 2042 Marie:
1218 1979 1328 2042 minus
1344 1979 1501 2064 duplex:

287 2066 446 2130 solennis⁸
461 2066 623 2130 memoria
637 2066 680 2129 de
696 2064 827 2128 ieiunio.

288 2195 360 2250 Mar.
375 2191 430 2264 πᾳ]
460 2185 495 2255 ΙΙ
518 2177 697 2242 Dominica
713 2177 746 2240 in
762 2175 864 2239 ramis
880 2173 1090 2240 Palmasum:
1114 2187 1223 2241 totum
1238 2178 1282 2241 de
1302 2178 1485 2243 dominica.

329 2302 363 2372 {I
388 2295 484 2360 Feria
510 2292 560 2368 .ii.,
590 2291 636 2353 et⁴
666 2288 784 2352 ceteris
814 2287 902 2351 seriis
925 2308 985 2371 per
1011 2288 1270 2370 hebdomadam,
1292 2290 1336 2354 de
1360 2291 1499 2355 ieiunio.

289 2383 395 2448 Nihil⁵
409 2383 452 2445 de
468 2389 585 2444 sancto
602 2376 756 2440 Ricardo

329 2501 364 2571 ([
387 2496 525 2558 Festum
555 2488 662 2553 sancti
693 2486 864 2551 Ambrosii
891 2485 1064 2552 differatur
1088 2508 1193 2571 vsque
1222 2489 1266 2552 ad
1297 2490 1372 2554 ,xvi
1402 2491 1499 2555 diem

288 2582 437 2666 ΑρτίΙίε.ὅ
594 2674 595 2677 ¹

328 2701 363 2771 ([
386 2692 484 2758 Feria
498 2690 549 2756 iii.
564 2689 732 2752 dicuntur⁷
744 2686 898 2769 Exequie
909 2686 1129 2763 Mortuorum,
1139 2707 1215 2750 cum
1231 2687 1276 2753 ix.
1287 2688 1501 2763 lectionibus,

286 2791 320 2846 et
350 2783 453 2846 missa
489 2779 524 2842 in
561 2776 714 2840 erastino.
776 2774 946 2856 Deinceps
983 2793 1050 2837 non
1084 2774 1248 2853 dicantur,
1285 2796 1390 2858 usque
1416 2789 1499 2860 post

287 2869 498 2944 Trinitatem,
514 2866 547 2928 in
564 2870 740 2927 conuentu.

328 2987 363 3057 ([
386 2979 546 3054 Sabbato,
562 2977 595 3039 in
611 2973 725 3059 vigilia
741 2973 878 3050 Pasche,
900 2972 1030 3056 legatur
1052 2972 1264 3055 euangelium
1288 2994 1364 3037 cum
1389 2977 1501 3040 cereis

286 3068 454 3132 extinctis.

286 3232 354 3302 Apr.
370 3227 406 3301 3¹]
460 3184 496 3329 21
514 3177 584 3329 tpie
601 3176 712 3251 Pasce,
724 3183 758 3237 et
774 3192 834 3255 per
844 3173 1102 3250 hebdomadam,
1112 3181 1221 3237 totum
1234 3174 1277 3238 de
1292 3174 1500 3241 solennitate

477 3286 513 3328 es
529 3286 548 3328 ι.

329 3384 364 3454 ιΙ
386 3376 534 3461 Quando
549 3373 587 3439 fit
601 3372 776 3437 seruicium
793 3371 836 3435 de
851 3372 965 3454 aliquo
980 3380 1107 3449 sancto,
1122 3371 1234 3455 aliqua
1249 3373 1305 3437 die
1325 3374 1500 3439 dominica

287 3485 391 3548 usque
424 3465 467 3528 ad
507 3462 749 3527 Ascensionem
789 3458 937 3533 Domini,
975 3456 1034 3523 fiat
1070 3458 1217 3523 solennis
1255 3461 1416 3524 memoria
1453 3462 1499 3526 de

222 3582 225 3587 ⁴
286 3548 463 3628 dominica,
480 3550 522 3615 ad
538 3559 696 3631 utrasque
718 3566 883 3630 vesperas,
899 3548 946 3608 et⁸
962 3546 1153 3622 matutinas,
1170 3546 1229 3611 sed
1253 3567 1426 3630 nunquam
1450 3552 1497 3613 ad

288 3640 431 3703 missam.

330 3757 364 3827 (Ι
387 3749 555 3815 Omnibus
586 3746 679 3812 sestis
711 3766 788 3810 cum
819 3745 980 3828 regimine
1006 3745 1106 3820 chori,
1137 3766 1243 3828 vsque
1271 3748 1315 3811 ad
1345 3745 1496 3829 vigiliam

288 3838 513 3914 Ascensionis,
529 3835 588 3900 fiat
604 3834 749 3898 solennis
769 3832 930 3896 memoria
951 3833 994 3895 de
1017 3833 1263 3909 resurrectione,
1279 3832 1323 3896 ad
1339 3843 1500 3917 utrasque

320 4190 433 4243 ιιιιιΙῙιε
449 4207 496 4240 om.
510 4200 552 4253 97,
564 4203 605 4239 01.
965 4188 1107 4239 ²dicatur:
1126 4189 1166 4240 88.

320 4256 331 4288 ³
346 4266 372 4307 et
382 4256 509 4307 solennis:
527 4255 569 4316 87,
581 4254 621 4305 88.
966 4253 977 4285 ⁴
992 4254 1072 4306 etin:
1089 4254 1131 4316 87,
1144 4255 1184 4305 88.

320 4321 331 4353 ⁶
347 4330 373 4373 et
384 4322 478 4372 nichilt
496 4320 538 4383 87,
550 4319 591 4370 88.

319 4386 424 4436 “usoue
441 4386 475 4436 ad
494 4385 580 4436 feriam
600 4402 624 4435 v.
645 4396 700 4450 post
719 4394 821 4435 octauas
842 4384 954 4435 Pasche:
972 4385 1064 4435 Breve.
1090 4394 1115 4435 et
1137 4386 1236 4453 Portiff.
1284 4386 1335 4438 Sed
1349 4389 1442 4452 ‘usque
1461 4386 1498 4437 ad

288 4453 374 4505 seriam
386 4451 485 4502 tertiam
494 4461 555 4566 &st
565 4460 615 4501 oct.
630 4450 741 4516 pasche.'
775 4451 851 4500 Brea.
868 4450 938 4514 1556.

320 4518 331 4551 ²
347 4517 476 4569 dicantus:
967 4513 978 4545 ⁸
994 4529 1036 4565 et:
1053 4532 1101 4566 om.
1115 4515 1156 4577 87.
