3326 5208
277 435 323 485 192
591 424 868 475 DIRECTORIUM
896 426 940 473 SA
946 424 1102 472 CERDOT
1102 425 1167 475 ΠΜ.

275 582 352 725 EQI
376 577 561 726 Feriadniffl
592 575 636 639 de
662 586 779 640 sancto
807 577 946 654 Iuliano,
972 598 1048 640 cum
1075 588 1247 642 nocturno.
1294 578 1488 662 Capitulum

309 685 356 725 cce
376 684 466 725 sacer
505 685 529 726 s.

317 781 351 851 «Ι
374 776 484 838 ¹Feria
499 797 537 838 .v.
554 776 596 839 de
611 785 728 839 sancta
744 773 899 858 Agnetal
921 824 928 841 .
951 784 1019 839 tres
1034 775 1203 853 lectiones
1219 797 1295 841 cum
1313 789 1477 843 nocturno

275 860 470 943 Capitulum
486 862 629 925 Domine
642 863 756 926 Deus.l

318 979 352 1049 «Ι
377 976 404 1037 F
405 976 472 1038 eria
487 977 536 1038 .vi.
553 978 596 1039 de
613 975 693 1038 seria
715 1025 722 1039 .
746 986 780 1038 et
798 976 1023 1058 Responsoria
1040 975 1165 1039 ferialia
1180 975 1358 1040 dicuntur.2

317 1093 349 1164 {I
375 1086 535 1162 Sabbat0‚
557 1089 601 1151 de
623 1097 739 1151 sancta
766 1088 883 1163 Maria,
899 1099 933 1150 et
950 1088 1110 1151 memoria
1135 1088 1179 1152 de
1202 1099 1319 1152 sancta
1344 1090 1485 1154 Batilde.

274 1175 343 1238 Vbi
382 1174 466 1238 liunt
501 1185 567 1239 tres
600 1176 945 1251 commemorationes
973 1176 1005 1237 in
1031 1175 1081 1238 .vi.
1107 1174 1188 1238 feria
1223 1174 1282 1238 fiat
1306 1197 1371 1239 vna
1396 1198 1486 1241 com-

276 1263 481 1338 memoratio
496 1272 531 1325 et
547 1263 773 1344 Responsoria
788 1261 914 1325 ferialia
929 1262 1223 1344 pretermittantur.

273 1381 337 1449 Jan.
351 1376 406 1449 31.]
450 1381 485 1452 11
508 1374 686 1438 Dominica
702 1375 734 1438 in
750 1375 817 1452 .lx.,
832 1383 904 1437 tota
919 1384 1072 1436 cantetur
1086 1375 1232 1440 historia.

317 1494 351 1564 «Ι
375 1486 472 1552 Feria
487 1489 526 1552 ,ii
543 1490 586 1552 de
601 1497 717 1550 sancta
734 1486 880 1569 Brigida,
896 1507 971 1549 cum
989 1495 1160 1550 nocturno,

316 1607 350 1676 (I
374 1602 471 1664 Feria
486 1601 537 1664 iii.
555 1599 675 1663 sestum
694 1597 935 1663 Purificationis
963 1599 1061 1662 beate
1085 1600 1200 1677 Marie,
1216 1603 1323 1666 maius
1346 1602 1484 1686 duplex.

274 1687 331 1751 Ad
356 1688 518 1751 secundas
543 1707 698 1769 vesperas
722 1687 868 1768 hymnus
897 1685 994 1764 Quod
1016 1684 1130 1749 chorus
1152 1698 1274 1752 vatum.
1322 1689 1415 1753 Nihil
1442 1690 1484 1753 de

273 1785 391 1839 sancto
408 1775 519 1838 Blasio
535 1775 577 1838 ad
593 1794 757 1857 vesperas.

316 1894 350 1964 1Ι
373 1887 470 1951 Feria
494 1887 557 1951 iiii.
585 1887 627 1948 de
651 1895 768 1949 sancto
803 1884 924 1963 Blasi0,
950 1906 1025 1949 cum
1058 1896 1229 1952 nocturno.
1290 1888 1483 1971 Capitulum

274 1974 392 2039 Omm's
400 1976 558 2056 pontifex.

315 2093 349 2163 1Ι
373 2088 470 2151 Feria
484 2109 521 2152 .v.
537 2087 580 2150 de
596 2085 681 2149 sesto
696 2085 767 2150 loci.

273 2201 469 2370 ί-ίΙῄΙῗύετίει
499 2199 550 2264 .νί.
579 2199 623 2262 de
652 2207 769 2261 sancta
806 2197 954 2281 Agatha,
985 2198 1030 2262 ix.
1061 2197 1228 2263 lectiones.
1290 2199 1482 2283 Capitulum

300 2309 340 2350 on
367 2297 460 2350 teor.

314 2406 349 2477 ΙΙ
372 2398 532 2475 Sabbato,
543 2398 586 2461 de
596 2406 712 2460 sancta
723 2399 839 2468 Maria,
851 2408 884 2461 et
897 2398 1058 2461 memoria
1066 2397 1109 2461 de
1121 2397 1386 2463 confessoribus.³
1415 2398 1482 2463 Vbi

269 2486 356 2550 fiunt
372 2497 438 2550 tres
454 2485 798 2561 commemorationes,
816 2485 848 2547 in
865 2485 903 2548 .ii.
921 2484 1001 2549 seria
1016 2483 1075 2548 fiat
1090 2505 1156 2548 vna
1171 2487 1453 2551 commemoratio.

272 2605 340 2661 Feb.
355 2600 393 2673 7.]
446 2605 481 2675 (Ι
505 2596 684 2661 Dominica
700 2597 733 2660 in
749 2596 786 2669 .l..
803 2606 876 2661 tota
891 2606 1045 2661 cantetur
1059 2597 1204 2662 historia

314 2720 348 2790 1Ι
372 2713 469 2777 Feria
483 2711 523 2775 ii.
539 2710 583 2773 de
598 2708 683 2791 lesto
698 2709 770 2773 loci.

314 2833 348 2902 (I
373 2825 470 2889 Feria
485 2824 536 2888 ,iii
552 2820 595 2886 de
611 2830 728 2884 sancta
743 2821 859 2886 Maria

313 2946 347 3015 (I
372 2938 469 3001 Feria
498 2935 561 3000 iiii.
590 2935 622 2997 in
653 2933 763 3015 capite
788 2933 910 3010 ieiunii,
939 2934 983 2997 de
1013 2933 1101 2998 seria.
1159 2933 1265 2998 Nihil*
1291 2936 1334 2999 de
1363 2945 1481 2999 sancta

268 3026 463 3101 Scolastica,
494 3022 566 3086 Nec
596 3022 640 3085 de
674 3020 787 3103 aliquo
823 3020 908 3083 sesto
943 3020 1043 3084 trium
1076 3020 1257 3085 lectionum
1294 3042 1399 3104 vsque
1436 3024 1480 3087 ad

267 3113 473 3177 dominicam
489 3118 567 3192 post
583 3108 696 3186 Pasca,
713 3107 786 3171 Nisi
802 3109 845 3172 ad
861 3128 1016 3191 vesperas
1037 3119 1071 3171 et
1094 3110 1276 3172 matutinas
1299 3109 1342 3172 de
1364 3118 1481 3174 sancta

272 3201 388 3265 Maria
435 3199 474 3261 ln
491 3195 634 3259 sabbato
650 3196 803 3258 dicantur
819 3195 1046 3276 Responsoria
1061 3194 1195 3260 ferialia

312 3319 346 3388 (I
370 3312 398 3374 F
399 3311 467 3374 eria
482 3330 519 3373 .v.
532 3308 580 3372 .vi.
597 3317 631 3371 et
642 3307 793 3384 sabbato,
808 3307 851 3371 de
861 3307 993 3384 ieiunio,
1009 3328 1084 3370 cum
1097 3308 1331 3391 Responsoriis
1342 3308 1480 3373 historie

266 3398 500 3465 dominicalis:
526 3397 579 3459 Ita
594 3404 707 3458 tamen
722 3394 813 3477 quod
839 3394 872 3456 in
896 3395 1039 3458 sabbato
1063 3395 1228 3458 dicantur⁶
1254 3397 1480 3478 Responsoria

268 3486 403 3551 ferialia

445 3601 480 3672 (Ι
503 3594 682 3658 Dominica
693 3594 801 3675 prima
810 3594 1076 3676 quadragesime,
1088 3602 1161 3658 tota
1176 3605 1329 3659 cantetur
1341 3595 1479 3659 historia

269 3650 337 3704 ns.
355 3644 407 3718 ¹4]
445 3681 662 3746 dominicalis.
702 3680 793 3743 mm
806 3682 849 3744 ae
860 3692 978 3744 sancto
988 3681 1180 3759 Valentino,
1192 3683 1254 3745 nisi
1270 3683 1313 3746 aa
1323 3702 1479 3765 vesperas

264 3774 315 3836 etr
330 3770 513 3834 matutinas
527 3768 626 3832 beate
640 3767 798 3852 virginis.⁷

311 3888 345 3958 1Ι
369 3882 466 3945 Feria
489 3881 539 3954 ii,
563 3889 598 3944 et
624 3879 740 3943 ceteris
767 3879 855 3943 seriis
880 3900 940 3962 per
972 3878 1231 3957 hebdomadam,
1257 3882 1300 3944 de
1327 3882 1449 3946 ieiunio
1472 3933 1479 3948 .

265 3968 447 4035 versiculus
478 3977 512 4032 et
550 3966 775 4051 Responsoria
812 3967 949 4030 historie
987 3968 1197 4032 dominicalis
1234 3989 1293 4052 per
1327 3969 1478 4033 ordinem

265 4058 443 4122 dicuntur.8
487 4055 617 4118 Tamen
645 4054 679 4117 in
702 4054 765 4119 ,iiii
790 4053 870 4117 seria
885 4066 919 4117 et
942 4055 975 4117 in
1003 4055 1146 4118 sabbato
1171 4054 1300 4119 dicatur
1327 4057 1481 4140 Respon-

267 4146 392 4209 sorium
409 4142 530 4207 feriale.

300 4295 353 4335 ¹-¹
370 4298 422 4359 (rie.
437 4297 477 4346 De
489 4295 516 4347 S.
530 4296 639 4361 Agnete,
652 4293 785 4358 secundo),
797 4309 844 4345 om.
857 4312 865 4346 r
883 4293 924 4355 87,
937 4292 977 4344 88.

299 4362 456 4413 ’dicanturz
474 4360 514 4411 88.
865 4358 938 4410 ⁸SS.
953 4358 1238 4412 VednstoetAmando.

272 4437 278 4448 ·
300 4428 311 4459 ⁴
327 4438 352 4479 et
364 4429 442 4490 before
453 4425 548 4477 nichil:
566 4424 607 4487 87,
620 4424 660 4476 88.
869 4423 881 4455 ⁶
896 4425 1028 4476 dicuntur:
1045 4437 1087 4487 97,
1099 4438 1140 4476 01.

299 4491 311 4525 ⁸
327 4494 361 4545 ad
372 4494 498 4543 inserted:
514 4491 556 4553 87,
569 4489 609 4541 88.
868 4489 879 4523 ⁷
896 4489 973 4541 nichil
984 4490 1017 4540 de
1028 4491 1110 4542 festor
1127 4492 1202 4542 arev.
1219 4510 1222 4515 ⁴
