3372 5224
559 533 751 595 QUARTUM
767 534 799 582 B.
834 534 904 582 xiiii.
917 534 954 582 xi.
968 534 1004 582 vi.
1018 535 1059 583 iii.
1357 512 1401 603 183

201 683 242 836 l}
257 686 309 769 .v.]
326 688 485 837 memolria
500 688 542 750 de
557 688 693 764 octauis,
710 707 787 750 curn
803 685 988 767 antiphona
1002 685 1032 750 O
1045 706 1174 750 sacrum
1184 714 1200 764 ,·
1220 691 1400 754 versiculus

235 795 328 837 anem
342 775 383 836 de
394 796 427 836 ce
439 795 464 836 o.

244 892 277 961 ([
301 886 397 949 Feria
416 887 466 949 .vi.
491 886 533 948 de
556 895 672 948 sancto
696 886 865 949 Iohanne.l
891 884 1012 948 festum
1036 886 1144 950 minus
1161 886 1296 970 duplex.
1343 892 1400 954 Ad

200 993 354 1056 vesperas
370 973 563 1055 antiphona,
580 973 649 1036 Sub
664 982 764 1036 tuam.

244 1092 277 1161 (l
301 1084 460 1162 Sabbato‚
472 1086 514 1148 de
529 1095 644 1148 sancta
662 1085 791 1147 Maria:
813 1084 973 1146 memoria
988 1085 1031 1147 de
1045 1085 1194 1148 octauis.¹
1211 1086 1256 1150 Et
1272 1089 1401 1152 dicatur

201 1172 350 1254 psalmus
364 1173 425 1235 Ad
437 1183 468 1235 tc
480 1171 597 1234 leuaui.
643 1172 700 1234 Ad
716 1192 870 1253 vesperas
886 1172 929 1234 de
945 1172 1159 1252 martyribus²
1179 1176 1340 1238 memoria
1357 1178 1401 1240 de

198 1260 348 1335 octauis‚¹
364 1259 407 1323 de
422 1259 598 1333 dominica,
613 1268 648 1321 et
663 1261 707 1321 de
721 1258 905 1321 Trinitate:
929 1267 962 1321 et
978 1261 1146 1340 processio
1161 1258 1226 1323 fiat.

376 1371 610 1445 (lDominica
634 1372 674 1433 .ii.
701 1372 744 1434 de
767 1371 891 1432 sanctis
921 1369 1070 1433 Iohanne
1090 1381 1124 1433 et
1147 1372 1267 1435 Paulo:
1292 1375 1401 1438 medie

198 1422 273 1491 June
285 1420 341 1491 ²6']
377 1458 533 1521 lectiones
549 1459 591 1520 de
606 1458 743 1535 octauis‚
758 1478 834 1521 curn
853 1458 1077 1539 Responsorio
1092 1457 1294 1540 Priusquam
1310 1463 1360 1523 te.³

243 1569 397 1643 (IFeria
423 1571 462 1632 .ii.
486 1570 529 1632 de
556 1568 642 1631 sesto
668 1569 739 1645 loci,
777 1579 811 1631 et
842 1570 1000 1631 memoria
1024 1570 1067 1632 de
1090 1572 1227 1635 octanis
1294 1572 1401 1655 Super

200 1653 363 1735 hymnum
384 1656 428 1719 Te
442 1656 530 1719 lucis.
546 1657 674 1719 dicatur
685 1667 802 1719 cantus
817 1656 1025 1720 dominicalis
1040 1666 1175 1739 propter
1188 1668 1334 1723 octauas.

243 1774 276 1843 (l
300 1769 397 1831 Feria
412 1769 463 1833 ‚iii
490 1771 532 1833 de
562 1778 679 1832 sancto
698 1768 829 1832 Leone:
861 1778 927 1832 tres
947 1769 1105 1832 lectiones
1123 1790 1199 1833 curn
1228 1782 1399 1836 nocturno.

202 1855 307 1918 Missa
322 1856 365 1918 de
380 1857 516 1941 vigilia.⁴

243 1973 276 2042 (l
301 1968 396 2030 Feria
421 1969 483 2031 iiii.
508 1970 551 2033 de
578 1968 703 2031 sanctis
728 1967 899 2051 apostolis,
916 1968 1024 2031 rninus
1044 1968 1182 2051 duplex.
1230 1970 1335 2034 Nihil⁶
1357 1971 1400 2036 de

196 2056 327 2118 octauis
343 2057 450 2118 sancti
467 2055 635 2119 Iohannis.

243 2168 397 2269 (IFeria
421 2189 458 2231 .v.
485 2169 529 2232 de
553 2176 670 2230 sancto
699 2166 813 2230 Paulo.
861 2166 1096 2231 Inuitatorium
1126 2169 1250 2252 triplex
1274 2180 1308 2234 et
1334 2173 1400 2235 due

197 2274 367 2318 rnernorre.

243 2373 276 2442 (l
300 2367 396 2430 Feria
417 2367 468 2430 ,vi
491 2366 533 2430 de
557 2374 673 2428 sancta
697 2364 814 2441 Maria,
829 2372 863 2427 et
889 2366 1048 2427 memoria
1071 2367 1115 2429 de
1140 2371 1273 2432 octaua⁶
1294 2371 1400 2433 sancti

203 2453 381 2529 iohannis,7
397 2453 453 2518 Ad
469 2473 624 2536 vesperas
639 2452 682 2514 de
697 2451 899 2514 Visitatione
915 2452 1012 2515 beate
1030 2453 1144 2517 Maria

241 2572 276 2643 ἦ
299 2566 457 2642 Sabbato,
473 2564 516 2628 de
531 2564 733 2627 Visitatione
748 2563 845 2626 beate
869 2562 984 2640 Mane,
999 2562 1120 2628 festum
1137 2566 1244 2629 maius
1264 2567 1401 2651 duplex,

196 2656 246 2716 et⁸
270 2663 389 2716 octaue
418 2654 508 2716 cum⁸
534 2651 694 2733 regimine
723 2649 813 2712 chori
836 2699 843 2712 .
866 2652 915 2712 lvt
941 2671 1050 2731 supra,
1073 2652 1105 2714 A
1132 2653 1299 2735 primum.⁹
1343 2656 1398 2719 Ad

198 2760 361 2823 vesperas,
387 2739 547 2803 memoria
571 2739 614 2802 de
639 2737 816 2813 dominica,
841 2745 876 2799 et
901 2738 944 2800 de
979 2737 1145 2801 Trinitate
1173 2740 1237 2803 sub
1260 2741 1400 2806 silentio,

200 2826 327 2890 Nulla¹⁰
342 2826 517 2909 processio,

198 2989 264 3058 July
277 2986 314 3059 3]
374 2943 408 3014 Q
432 2938 611 3039 Donrinica
626 2936 677 2999 iii.
694 2935 738 2998 de
761 2935 913 3037 octauisll
933 2935 1031 2999 beate
1051 2936 1166 3016 Marie,
1182 2948 1217 3002 et
1242 2943 1402 3005 memoria

294 3031 301 3042 '
374 3027 418 3088 de
433 3026 610 3101 dominica,
619 3032 653 3086 et
668 3024 711 3086 de
726 3023 925 3085 Trinitate¹²

241 3141 276 3212 Q
298 3136 395 3199 Feria
409 3137 448 3199 ii.
465 3137 508 3199 de
534 3144 650 3198 sancto
673 3133 829 3211 Martino,
845 3134 889 3196 ix.
907 3133 1083 3199 lectiones:
1107 3136 1217 3200 medie
1243 3138 1401 3203 lectiones

196 3222 242 3284 de
257 3224 384 3287 octauis
399 3223 669 3306 apostolorum¹³z
691 3231 724 3283 et
741 3221 901 3283 memoria
915 3221 958 3284 de
974 3223 1102 3286 octauis
1117 3224 1215 3287 beate
1231 3225 1345 3288 Marie.

241 3341 274 3410 ΙΙ
298 3334 395 3398 Feria
409 3335 460 3398 ,iii
476 3334 519 3398 de
533 3333 681 3397 octauis:
704 3342 771 3396 tres
787 3332 953 3396 lectiones.

241 3446 394 3522 (IFeria
422 3446 485 3509 ,iiii
516 3446 559 3509 de
588 3455 709 3509 octaua
738 3443 1000 3526 apostolorum.¹⁴
1044 3444 1089 3508 ix.
1120 3446 1285 3511 lectiones.
1354 3449 1400 3512 Et

199 3534 359 3597 memoria
389 3533 431 3596 de
460 3533 614 3596 octauis¹⁶
644 3533 743 3596 beate
774 3529 888 3593 Marie.
955 3530 1009 3594 Ad
1032 3552 1187 3615 vesperas
1210 3534 1253 3598 de
1282 3547 1399 3600 sancto

199 3620 366 3693 Thoma¹⁶
397 3620 556 3682 memoria
583 3621 625 3683 de
646 3618 774 3682 octauis
798 3618 896 3681 beate
925 3617 1040 3694 Marie,
1065 3620 1122 3682 ¹⁷et
1147 3622 1332 3685 memoria¹⁷
1355 3626 1398 3687 de

196 3708 358 3789 apostolis
374 3706 538 3790 priuatim.

230 3933 239 3965 ¹
257 3935 316 3985 Nat.
331 3933 357 3985 S.
373 3932 491 3983 Iohannis
503 3933 576 3997 Bnpt.
870 3929 882 3960 ²
898 3932 944 3983 SS.
960 3932 1073 3983 iohanne
1084 3942 1110 3983 et
1122 3933 1207 3984 Paulo.

229 3998 337 4050 ’Missa
347 3998 504 4049 dominicalis
513 3996 775 4062 diciturinoapirulo:
792 3997 848 4046 add
862 4006 903 4058 97,
915 4009 956 4047 01.
1341 4052 1345 4059 Ι

229 4064 241 4160 2
257 4065 303 4115 SS.
311 4065 389 4141 Petr·
398 4072 423 4113 et
435 4064 504 4113 Paul.
874 4060 885 4091 ⁸
901 4072 926 4112 et
937 4062 1015 4127 before
1025 4062 1121 4114 nichil:
1138 4061 1179 4125 87,
1192 4063 1232 4115 88

230 4195 241 4226 ⁷
256 4131 482 4245 gislollnllteurlcuuis
492 4192 583 4244 dicitur
594 4193 620 4243 in
632 4192 742 4257 capitulo
752 4210 760 4242 ε
776 4193 833 4241 adu
847 4202 888 4253 97,
900 4205 941 4241 01.

229 4259 283 4296 ⁸-⁶
298 4270 324 4311 et
334 4261 389 4309 and
396 4275 453 4309 curn
463 4260 609 4324 transposed
616 4277 623 4309 ε
640 4255 683 4319 87,
694 4255 734 4307 88.
877 4254 931 4293 9-9
946 4273 992 4306 om.
1005 4275 1012 4307 ε
1030 4256 1072 4318 87,
1084 4256 1123 4308 88.
1135 4282 1139 4289 ·

239 4324 251 4355 ⁰
266 4334 291 4376 et
302 4325 379 4390 before
390 4325 474 4374 nulla:
491 4322 532 4385 87,
545 4323 586 4374 88.
881 4320 900 4352 ¹¹
916 4321 1082 4373 visitationis

231 4389 249 4420 ¹²
265 4391 340 4441 mista
350 4387 508 4440 dominicalis
517 4389 607 4440 dicitnr
618 4388 644 4438 in
654 4386 780 4453 capitulo:
797 4388 854 4436 add
867 4398 910 4448 97,
921 4399 961 4436 01.

231 4453 249 4485 ¹³
266 4456 311 4508 SS.
327 4456 354 4505 Ρ.
368 4464 394 4505 et
405 4456 432 4507 P.
883 4450 903 4482 ¹⁴
919 4452 965 4502 SS.
980 4452 1046 4502 Petri
1057 4461 1082 4502 et
1094 4452 1172 4504 Pauli.

230 4519 250 4551 ¹⁸
265 4519 428 4572 visitationis
880 4514 901 4546 ¹⁸
916 4517 1024 4582 archiep
1038 4526 1110 4569 mart.

230 4584 302 4624 ¹⁷-¹⁷
319 4596 344 4636 et
355 4586 398 4636 frat
409 4585 544 4636 memoria:
561 4583 603 4646 87,
616 4582 647 4634 88
658 4602 665 4634 z
682 4581 791 4634 solennis
802 4591 828 4631 et
838 4581 974 4633 memoria:
990 4593 1033 4645 97,
1047 4595 1088 4633 01.
