3330 5218
268 480 301 535 52
587 467 861 517 DIRECTORIUM
879 467 1147 519 SACERDOTUM.

268 623 312 686 ad
339 642 493 705 vesperas
524 621 566 684 de
592 621 648 685 illa
678 619 993 683 commemoratione
1020 619 1078 683 fiat
1105 621 1264 683 memoria
1287 622 1331 685 de
1353 633 1471 687 sancto

271 709 498 787 Marce110,de
514 708 688 783 dominica,
703 717 737 770 et
753 707 795 769 de
811 716 925 769 sancta
943 708 1059 770 Maria.

269 916 498 998 accipiendum
515 924 566 977 est
577 914 715 978 tercium
731 914 762 977 A
781 934 842 995 pro
857 914 1005 977 secundo
1019 915 1077 977 A?

443 1041 479 1111 {I
502 1035 678 1098 Dominica
708 1034 746 1096 .ii.
778 1043 855 1115 post
884 1043 1020 1097 octauas
1048 1034 1246 1116 Epiphanie,
1279 1037 1322 1099 de
1351 1047 1469 1100 sancto

445 1122 622 1186 Vincentio
646 1122 700 1183 ix.
726 1121 884 1184 lectiones
908 1121 979 1183 sine
1006 1123 1224 1202 expositione.
1270 1121 1327 1185 Ad
1344 1124 1468 1206 primas

270 1230 433 1290 vesperas,
448 1209 632 1290 antiphona
654 1208 776 1270 Beatus
794 1208 850 1270 vir
866 1206 932 1270 vel³
947 1207 1013 1270 Iste
1033 1218 1171 1272 sanctus.
1217 1209 1409 1292 Capitulum
1425 1211 1467 1273 de

269 1297 445 1359 communi.
500 1296 667 1360 Secunde⁴
698 1315 834 1376 vespere
867 1305 964 1357 erunt
989 1295 1031 1357 de
1061 1306 1178 1359 sancto
1202 1296 1403 1375 Vincenti0,⁵
1432 1307 1467 1361 et

270 1384 428 1447 memoria
443 1383 486 1446 de
501 1383 676 1458 dominica,
691 1391 724 1445 et
740 1381 782 1444 de
797 1391 912 1445 sancta
929 1382 1044 1444 Maria.

270 1088 334 1157 Jan.
348 1084 402 1157 22·]

310 1509 345 1579 (Ι
369 1503 463 1565 Feria
499 1502 538 1565 ii.
576 1503 618 1565 de
656 1501 764 1564 seriis:
805 1500 1047 1578 Inuitatorium,
1084 1502 1238 1583 hymnus,
1275 1503 1467 1585 antiphone,

270 1589 397 1670 psalmi,
414 1588 601 1666 versiculus,
619 1586 866 1670 Responsoria,⁶
881 1588 966 1650 sicut
981 1589 1014 1650 in
1031 1589 1071 1651 .ii.
1088 1590 1167 1652 seria
1183 1599 1258 1672 post
1275 1590 1416 1654 Domine
1429 1613 1469 1654 ne

268 1675 303 1738 iu
334 1676 395 1740 ira.
452 1676 572 1741 Cetera
601 1675 722 1751 omnia,
752 1677 837 1738 sicut
866 1674 899 1737 in
931 1675 1080 1757 predicta
1109 1677 1211 1739 seria:
1244 1678 1403 1741 memoria
1424 1680 1469 1742 de

267 1772 383 1826 sancta
407 1764 524 1840 Maria,
539 1772 573 1826 et
595 1763 637 1825 de
658 1761 823 1827 Omnibus
848 1760 988 1837 Sanctis
1011 1782 1086 1824 cum
1111 1764 1211 1826 missa
1237 1763 1354 1828 Omnis
1373 1774 1469 1827 terra.

269 1848 434 2000 {perinde⁴
462 1871 597 1933 vespere
626 1859 723 1912 erunt
752 1849 795 1912 de
822 1848 908 1912 sesto
932 1848 1003 1925 loci,
1029 1859 1064 1913 et
1088 1851 1247 1913 memoria
1277 1851 1320 1914 de
1349 1860 1467 1916 sancta

308 1958 385 2001 arta.

311 2056 464 2132 (IFeria
494 2056 547 2119 iii.
577 2055 619 2118 de
649 2054 736 2118 festo
765 2053 837 2127 loci,
869 2063 903 2117 et
934 2055 1093 2117 memoria
1123 2056 1167 2118 de
1196 2066 1311 2119 sancta
1350 2057 1468 2122 Maria.

268 2140 434 2206 Secunde⁴
450 2162 585 2224 vespere
600 2152 696 2205 erunt
712 2142 754 2204 de
770 2140 995 2204 Conuersione
1010 2142 1116 2205 sancti
1134 2141 1235 2215 Pauli,
1252 2145 1411 2208 memoria
1426 2145 1470 2208 de

269 2239 385 2292 sancto
403 2229 551 2293 Preieeto
566 2239 719 2310 martyre,
735 2238 768 2292 et
784 2228 826 2291 de
841 2238 958 2291 sancta
974 2229 1089 2292 Maria.

311 2356 346 2426 (1
378 2351 475 2414 Feria
505 2351 568 2414 .iiii.
598 2351 640 2414 de
671 2349 897 2413 Conuersione
927 2350 1033 2412 sancti
1066 2349 1170 2413 Pauli.
1233 2352 1467 2415 Inuitatorium

267 2437 400 2520 triplex,
416 2438 460 2500 ix.
477 2437 657 2501 lectiones:
682 2436 842 2499 memoria
864 2435 906 2498 de
929 2445 1046 2499 sancto
1071 2437 1228 2514 Preiect0,
1244 2447 1278 2500 et
1294 2439 1337 2500 de
1352 2447 1469 2503 sancta

270 2523 386 2587 Maria.
431 2524 488 2588 Ad
506 2524 642 2587 missam
658 2523 779 2586 dicitur
797 2522 906 2600 Credo,
921 2532 955 2585 et
972 2523 1117 2586 Presatio
1132 2523 1174 2586 de
1190 2524 1358 2605 apostolis

310 2652 345 2722 ἦ
368 2644 464 2708 Feria
488 2667 526 2709 .v.
550 2645 593 2708 de
617 2643 712 2719 seriis,
738 2664 813 2707 cum
840 2644 1073 2725 Responsoriis
1103 2643 1252 2707 eiusdem
1278 2644 1366 2723 serie,
1390 2665 1468 2710 cum

269 2731 370 2794 missa
385 2732 539 2795 Adorate.

311 2851 464 2927 (IFeria
494 2851 544 2914 .vi.
576 2850 618 2913 de
644 2859 761 2913 sancto
790 2849 919 2912 Iuliano
945 2849 1112 2931 episcopo
1168 2850 1361 2932 Capitulum
1388 2850 1469 2916 Ecce

267 2938 420 3014 sacerdos,
446 2939 607 3001 memoria
632 2937 675 3001 de
705 2946 821 3000 sancta
852 2936 973 3013 Maria,
996 2946 1029 2999 et
1054 2936 1097 3000 de
1127 2934 1295 3001 Omnibus
1326 2938 1468 3003 Sanctis

272 3024 505 3088 Inuitatorium
521 3024 657 3106 duplex,
674 3033 740 3087 tres
756 3024 924 3086 lectiones.

312 3150 347 3220 (Ι
371 3145 530 3222 Sabbat0,
541 3145 584 3208 de
599 3154 715 3207 sancta
732 3143 852 3206 Maria⁷
868 3143 977 3223 .kyrie
991 3144 1209 3226 omnipotem.
1226 3155 1259 3208 et
1277 3146 1425 3226 Spiritus
1438 3157 1471 3210 et

269 3231 361 3294 alme.
398 3231 465 3295 Vbi
482 3231 566 3294 liunt
582 3241 648 3294 tres
664 3232 1007 3306 commemorationes
1024 3232 1056 3292 in
1073 3253 1109 3294 .v.
1126 3232 1207 3295 seria
1223 3232 1293 3295 fiat⁸
1308 3234 1469 3297 secunda⁰

269 3318 589 3382 commemorati0¹⁰:
605 3327 639 3381 et
655 3327 734 3380 tunc
751 3319 783 3379 in
800 3318 967 3379 dominica
979 3318 1109 3381 dicatur
1124 3320 1226 3382 missa
1239 3318 1354 3383 Omnis
1369 3329 1467 3397 terra,

269 3405 476 3555 iplplapitulo
491 3414 526 3468 et
541 3406 642 3468 missa
658 3406 804 3468 Adorate
815 3404 848 3467 in
861 3404 901 3466 .ii.
917 3403 1005 3467 seria.
1052 3404 1107 3467 Ad
1124 3426 1279 3488 vesperas
1294 3405 1469 3471 claudatur

269 3513 291 3552 a
345 3514 409 3556 uta.

444 3618 477 3688 (1
501 3611 680 3675 Dominica
706 3612 738 3673 in
763 3611 1020 3693 septuagesima,
1043 3621 1115 3675 tota
1137 3613 1258 3677 dicitur
1284 3614 1468 3678 historia¹¹:

269 3661 283 3729 J
286 3678 331 3715 an.
345 3660 400 3733 ²9']
446 3700 606 3762 memoria
622 3699 663 3761 de
679 3710 793 3762 sancta
811 3699 927 3761 Maria.

304 3987 356 4023 ¹-²
371 4007 418 4041 om.
432 3990 474 4054 87,
486 3991 527 4042 88.
562 3994 618 4043 Thte
629 3993 708 4058 prime
719 3993 796 4057 ought
808 4004 834 4042 to
845 3993 876 4042 be
889 3994 908 4018 “
917 3991 976 4041 xv.”
987 4001 1032 4042 not
1045 3996 1063 4019 “
1072 3992 1134 4043 iiii.”

302 4051 381 4104 ³F0r
402 4058 493 4108 Beatus
509 4057 548 4107 vir
566 4060 606 4108 vel
623 4070 654 4121 97
674 4060 728 4108 and
739 4072 768 4108 οι
788 4059 849 4107 hauc
865 4074 938 4123 super
958 4059 1067 4122 psalmos
1083 4067 1108 4108 et
1126 4059 1293 4123 Responsoria
1309 4060 1425 4112 dicuntur
1442 4061 1470 4112 in

269 4120 391 4184 superiori
400 4123 479 4186 gradu
488 4123 634 4186 antiphona.

301 4183 312 4213 ⁴
329 4185 459 4237 Secunde:
476 4206 523 4238 om.
537 4187 577 4251 87,
590 4188 629 4238 88.
904 4186 915 4217 ⁶
931 4186 1080 4238 Vincentio:
1097 4205 1144 4239 om.
1159 4188 1200 4251 87,
1213 4188 1252 4240 88.

302 4247 313 4279 ⁰
329 4261 353 4300 et
366 4252 550 4317 Responsoriat
568 4253 609 4315 87,
621 4253 660 4303 88.

303 4313 313 4346 ⁷
330 4317 372 4365 Ad
382 4318 481 4368 missam
494 4319 589 4383 Kyrie:
606 4321 662 4369 add.
676 4319 718 4381 87,
730 4317 771 4368 88.
806 4327 892 4369 cantus
903 4334 991 4382 super:
1009 4320 1065 4368 add.
1079 4330 1121 4380 97,
1133 4333 1173 4370 01.

301 4378 313 4409 ⁸
328 4382 387 4431 fiet:
405 4394 446 4445 97,
458 4398 499 4434 01.
907 4382 997 4433 ”vnaz
1015 4383 1056 4446 87,
1069 4383 1109 4435 88.

303 4444 324 4476 ¹⁰
339 4448 558 4499 commemoratio:
571 4467 617 4500 om,
631 4448 672 4512 87,
685 4448 724 4499 88.
1045 4482 1051 4517 t

302 4513 322 4546 ¹¹
339 4523 364 4565 et
375 4516 512 4565 memoria:
529 4514 570 4577 87,
583 4514 623 4566 88.
