3330 5218
273 431 306 481 94
610 416 708 466 DIRE
711 417 733 466 C
736 418 761 466 T
760 417 827 466 ORI
827 417 888 469 Uo!
905 419 949 466 SA
955 417 1078 467 CERDO
1084 418 1171 467 TUM.

278 582 290 639 ,’
316 577 351 648 (Ι
375 569 472 634 Feria
493 569 543 632 .vi.
567 569 610 633 de
636 568 731 632 seriis.
792 570 1029 653 Responsoriav
1049 571 1091 633 de
1125 572 1272 634 secundo
1304 580 1475 635 nocturno.

174 660 179 670 '
277 658 381 721 Missa
397 657 483 720 illius
500 655 587 719 serie.

315 793 350 864 (Ι
374 784 533 859 Sabbato
558 785 607 849 'de
632 795 749 848 sancta
781 786 897 850 Maria
952 785 1020 849 Vbi
1059 785 1142 850 fiunt
1176 796 1242 850 tres
1272 806 1476 851 commemo·

274 875 419 936 rationes
443 873 476 934 in
500 873 538 935 ..ii
563 872 644 935 seria
667 871 735 935 fiet¹
769 893 835 936 vna
866 875 1164 951 commemoratio;
1188 883 1223 937 et
1256 885 1336 938 tunc
1369 876 1402 936 in
1425 875 1474 935 .vir

274 960 354 1023 seria
370 960 525 1022 dicantur
540 959 765 1042 Responsoria
780 960 823 1022 de
838 961 946 1042 primo
962 970 1132 1025 nocturno.
1216 1040 1221 1049 1

274 1094 375 1149 March
390 1089 426 1163 5.]
461 1088 722 1165 {Dominica
713 1109 746 1151 m
763 1090 1049 1172 quinquagesima,
1066 1099 1138 1154 tota
1153 1090 1283 1154 dtcatur
1298 1090 1444 1153 historia

316 1225 351 1296 (Ι
375 1218 516 1282 Feria”
486 1240 526 1282 ..u
543 1219 585 1281 de
600 1217 686 1281 festo
702 1218 773 1282 loci

316 1356 352 1427 (Ι
375 1349 471 1412 Feria
487 1347 538 1411 iii.
554 1348 597 1412 de
612 1358 729 1411 sancta
747 1348 864 1427 Maria,
879 1359 914 1413 et
930 1350 1090 1413 memoria
1105 1350 1148 1413 de
1163 1349 1368 1434 virginibus.²

315 1485 350 1556 (Ι
374 1478 471 1543 Feria
485 1477 549 1540 iiii.
566 1477 599 1539 in
615 1478 725 1559 capite
740 1477 863 1550 ieiunii,
879 1486 988 1543 totum
1005 1477 1047 1541 de
1069 1477 1156 1541 seria

316 1613 351 1682 (Ι
376 1606 431 1669 Ab
454 1605 516 1668 hac
539 1605 593 1667 die
615 1625 720 1687 vsque
743 1605 786 1668 ad
809 1615 965 1669 octauam
998 1607 1100 1669 Pasce
1131 1626 1198 1670 non
1231 1606 1287 1670 fiet
1318 1608 1475 1671 memoria

272 1693 556 1845 gglpsppartireium
579 1691 773 1769 lectionum,
795 1693 858 1756 nisi
892 1694 935 1756 ad
967 1713 1122 1790 vesperas
1154 1704 1187 1757 et
1222 1694 1264 1757 ad
1296 1704 1365 1757 ma
1352 1694 1477 1757 utmas

317 1916 351 1985 (Ι
375 1909 471 1972 Feria
486 1929 523 1971 .v.
539 1907 583 1971 de
598 1907 695 1971 feriis.
741 1908 968 1989 Responsoria
980 1908 1025 1970 de
1041 1907 1150 1991 primo
1166 1873 1336 1973 nocturno.

314 2044 352 2114 (Ι
376 2037 473 2100 Feria
487 2036 536 2099 .vi‚
553 2036 595 2099 de
611 2035 707 2098 feriis.
753 2035 979 2119 Responsoria
1000 2037 1042 2100 de
1058 2036 1205 2099 secundo
1221 2047 1392 2101 nocturno

317 2173 352 2242 (Ι
376 2164 534 2237 sabbato,
558 2165 601 2227 de
633 2164 728 2227 seriis.
790 2166 836 2227 Et
860 2165 980 2229 dicitur
1006 2165 1187 2246 septimum
1217 2166 1477 2249 Responsorium

273 2255 411 2318 historie
426 2251 635 2314 dominicalis
651 2268 727 2314 cum
744 2251 875 2315 duobus
892 2251 1067 2315 ferialibus

318 2390 352 2459 (Ι
377 2381 422 2445 Et
437 2390 519 2444 nota
534 2381 624 2462 quod
644 2381 676 2443 in
693 2381 758 2444 iiii.
775 2380 863 2454 feria,
880 2390 914 2444 et
937 2381 970 2443 in
995 2379 1100 2443 tribus
1123 2381 1241 2445 diebus
1263 2381 1478 2464 sequentibus

273 2470 318 2536 ad
343 2464 508 2551 primam,a
523 2479 557 2530 et
579 2468 622 2533 ad
646 2467 728 2531 alias
743 2468 851 2542 horas,
868 2468 982 2530 omnia
999 2466 1082 2530 fiant
1098 2469 1183 2531 sicut
1199 2468 1232 2530 in
1248 2469 1289 2531 ii.
1305 2470 1384 2532 teria
1401 2478 1478 2551 post

274 2557 418 2625 Domine
431 2576 472 2618 ne
486 2555 521 2625 in
537 2554 599 2630 ira,
615 2574 691 2616 cum
713 2555 863 2617 oratione
879 2553 921 2617 de
937 2554 999 2617 die.

277 2737 307 2790 M
358 2735 378 2787 h
466 2687 510 2758 ,(Ι
533 2682 713 2745 Dominica
735 2682 843 2764 prima
869 2683 1135 2766 quadragesime,
1150 2692 1223 2747 tota
1247 2684 1388 2747 dicatur⁴
1411 2684 1476 2746 his-

310 2752 358 2789 arc
394 2730 447 2804 ¹²¹]
476 2771 568 2833 toria
616 2770 753 2832 Festum
770 2770 875 2833 sancti
893 2768 1043 2853 Gregorii
1060 2769 1232 2834 differatur
1241 2771 1273 2832 in
1286 2771 1475 2834 crastinum.

277 2857 322 2919 Et
338 2856 381 2918 ad
398 2856 522 2939 primas
538 2876 692 2939 vesperas
714 2857 822 2919 sancti
846 2856 998 2938 Gregorii
1016 2857 1074 2921 fiat
1089 2858 1234 2921 solennis
1258 2860 1419 2921 memoria
1434 2859 1476 2920 de

270 2943 451 3007 dominica.

316 3078 351 3149 (Ι
375 3072 471 3134 Feria
487 3072 525 3134 ii.
541 3071 584 3134 de
599 3079 716 3134 sancto
733 3071 903 3154 Gregorio
920 3071 1041 3135 festum
1059 3072 1181 3135 minus⁵
1198 3072 1335 3154 duplex.
1377 3073 1476 3156 Capi·-

270 3159 382 3221 tulum
408 3158 487 3222 Ecce
509 3158 663 3235 sacerdos,
686 3159 847 3228 memoria
871 3160 914 3222 de
938 3159 1060 3222 ieiunio
1088 3158 1144 3221 Ad
1173 3161 1354 3223 matutinas
1377 3172 1411 3224 et
1433 3163 1474 3224 ad

272 3266 437 3329 vesperas,
454 3245 511 3308 sed
529 3266 595 3308 non
611 3246 654 3308 ad
672 3246 816 3308 missam

317 3382 352 3453 (Ι
376 3375 539 3440 Feriaiii.
562 3375 616 3438 iiii.
641 3397 679 3438 .v.
702 3385 736 3437 et
758 3375 807 3437 .vi.
830 3375 873 3437 de
895 3375 1026 3450 ieiuni0‚
1050 3396 1125 3438 cum
1150 3375 1311 3439 versiculo
1336 3385 1369 3441 et
1396 3378 1477 3440 Res·

273 3462 439 3546 ponsoriis
460 3461 596 3525 historie
618 3461 836 3538 dominicalis,
851 3425 1033 3525 secundum
1057 3463 1207 3526 ordinem
1231 3480 1476 3527 nocturnorum.

275 3550 430 3613 Tamen
422 3569 454 3612 m
470 3570 508 3612 ..v
525 3548 605 3612 seria
620 3549 740 3612 dicitur
757 3549 1016 3632 Responsorium
1034 3549 1154 3612 feriale.

318 3683 353 3754 (Ι
376 3676 526 3742 Sabbato
550 3678 593 3741 de
622 3686 739 3740 sancto
771 3676 982 3752 Edwardost
974 3699 1018 3740 rx.
1040 3677 1224 3741 lectiones
1264 3678 1321 3741 Ad
1353 3679 1477 3779 primas

273 3784 429 3865 vesperas
449 3763 635 3846 antiphona
655 3764 723 3826 Iste
743 3772 890 3827 sanctus.
926 3764 1118 3847 Capitulum
1142 3765 1264 3828 Beatus
1285 3788 1342 3828 ver
1361 3787 1417 3847 qut
1442 3787 1477 3828 m

273 3851 442 3933 sapienda.
489 3851 750 3933 Responsorium
774 3852 897 3913 Beatus
922 3872 1058 3932 utrque
1083 3850 1216 3933 suffert:
1240 3853 1386 3915 solennis
1410 3872 1477 3915 me·

276 3940 381 4001 moria
415 3940 458 4001 de
492 3938 621 4001 ieiunio,
676 3937 1000 4022 Secunde·vespere
1031 3949 1127 4002 erunt
1157 3939 1200 4002 de
1221 3940 1409 4016 dominica,
1443 3950 1477 4003 et

272 4025 436 4091 memoria
450 4025 493 4089 de
509 4024 601 4089 sesto

308 4313 316 4345 ¹
307 4315 394 4410 liat:
412 4316 452 4377 87,
465 4315 505 4366 88.
654 4288 658 4293 ἡ
972 4315 983 4412 i
1001 4317 1123 4381 Perpetua
1134 4326 1160 4368 et
1174 4317 1312 4370 Felicitate

304 4378 593 4509 ἒξίιῐὲἒιιιιὸείένῖωξξιιεε
611 4446 651 4509 87,
665 4446 704 4508 83,
716 4460 757 4510 97,
769 4460 809 4497 01.
1000 4382 1056 4432 diei
1062 4399 1106 4433 ur
1125 4393 1165 4445 9⁷
