3330 5218
288 436 320 501 58
607 436 886 488 DIRECTORIUM
902 436 1170 489 SACERDOYUM.

331 597 365 666 (Ι
389 591 485 654 Feria
498 591 548 654 .vi.
564 591 607 653 de
621 589 757 667 octauis,
773 598 807 654 et
824 589 984 653 memoria
999 578 1276 672 de'rnartyribus.¹

331 718 365 787 (Ι
388 710 546 812 Sabbato,
556 712 599 774 de
614 710 751 811 uetanis,
765 719 832 774 tres
848 710 1008 774 lectiones
1021 732 1029 790 ;
1051 710 1140 775 etad
1155 730 1309 793 vesperas
1322 709 1413 774 nulla
1425 709 1495 774 fiee

289 819 450 862 memoria
464 818 573 882 neque
588 817 763 880 processio.

291 966 429 1039 Mau]
463 917 1496 1087 0¹2„Dill'latlllhlfftltpltnhllnlltlsllllt

287 1091 423 1155 octauis.

331 1217 366 1287 (Ι
389 1211 485 1274 Feria
500 1211 540 1273 .ii.
556 1211 598 1274 de
613 1212 763 1275 octauis.⁰
778 1219 812 1274 et
828 1211 1055 1295 Responsoria
1076 1214 1119 1276 de
1135 1213 1184 1275 .vi.
1198 1210 1286 1275 feria.

329 1336 364 1407 (Ι
387 1330 484 1395 Feria
498 1332 550 1394 iii.
565 1332 747 1414 antiphone
761 1339 795 1395 et
811 1332 1036 1414 Responsoria
1051 1333 1094 1394 de
1108 1331 1268 1396 sabbatis.

289 1538 306 1601 s
332 1457 366 1528 (Ι
390 1453 487 1516 Feria
510 1453 574 1518 iiii.
598 1453 641 1516 de
670 1452 819 1531 octauis;
856 1452 1040 1536 antiphone
1066 1463 1100 1516 et
1128 1452 1354 1536 Responsoria
1378 1453 1420 1516 de
1445 1452 1495 1515 .vi.

302 1559 377 1602 erra

332 1666 366 1735 (Ι
390 1659 486 1723 Feria
500 1681 538 1722 .v.
555 1659 713 1724 lectiones
736 1668 770 1722 et
797 1659 1022 1742 Responsoria
1046 1659 1131 1723 sicut
1155 1659 1188 1722 in
1213 1660 1321 1742 prima
1344 1660 1407 1722 die.
1454 1658 1494 1721 In

290 1746 451 1824 laudibus,
475 1767 591 1809 omnes
615 1746 798 1828 antiphone
825 1748 987 1811 dicuntur.
1044 1746 1101 1809 Ad
1126 1767 1282 1829 vesperas
1306 1746 1349 1809 de
1375 1757 1496 1808 octaua

289 1835 450 1896 memoria
464 1835 508 1898 de
522 1843 638 1897 sancto
654 1833 843 1910 Dunstan0,
858 1843 892 1897 et
907 1834 950 1897 de
964 1844 1080 1897 sancta
1097 1834 1305 1897 Potenciana

332 1959 367 2030 (Ι
390 1952 487 2015 Feria
516 1954 566 2017 .vi.
596 1953 732 2036 plenum
763 1953 937 2016 seruicium
969 1954 1012 2016 de
1042 1962 1158 2016 sancto
1189 1954 1376 2016 Dunstano.
1436 1950 1494 2014 Ad

290 2041 437 2116 missam,
466 2041 649 2104 secundum
686 2041 822 2103 alleluia
854 2090 860 2103 .
892 2041 1072 2103 versiculus
1108 2040 1187 2102 Non
1224 2042 1425 2121 relinquam:
1462 2047 1497 2102 et

290 2129 451 2227 memoria
480 2128 523 2191 de
547 2137 663 2190 sancta
688 2127 900 2205 Potenciana,
924 2127 981 2191 Ad
1004 2144 1161 2210 vesperas
1186 2128 1368 2191 matutinas
1391 2136 1426 2189 et
1450 2126 1493 2188 ad

289 2234 433 2277 nussam.

333 2324 367 2393 (Ι
390 2317 562 2395 ‘Sabbata
584 2318 626 2380 de
645 2317 759 2398 vigilia
783 2317 1029 2381 Penthecostes.
1075 2318 1302 2400 Responsoria
1317 2314 1402 2391 non†
1417 2335 1495 2379 can·

291 2407 392 2468 tatur⁹
404 2405 476 2487 Ego
492 2403 607 2485 rogabo
623 2455 630 2469 .
648 2403 693 2468 Si
704 2405 790 2467 enim
808 2425 870 2467 non
887 2454 893 2467 .
911 2405 1072 2468 memoria
1086 2405 1129 2468 de
1144 2414 1261 2467 sancta
1278 2404 1387 2467 Maria
1402 2411 1436 2466 et
1451 2403 1495 2466 de

291 2490 457 2557 Omnibus
473 2490 627 2557 Sanctis⁸

466 2617 500 2686 (Ι
523 2612 563 2674 ln
579 2612 634 2675 die
650 2612 896 2688 Penthecostes,
912 2621 946 2676 ct
961 2632 1019 2694 per
1033 2610 1292 2689 hebdomadam,
1302 2608 1436 2675 totum¹⁰
1452 2608 1495 2674 de

293 2663 363 2732 May
375 2658 431 2732 ²¹‘]
467 2698 668 2763 solennitate
683 2699 767 2777 festi,
784 2707 819 2763 et
834 2698 916 2761 nihil
931 2699 974 2762 de
990 2708 1106 2761 sancto
1122 2697 1284 2761 Aldelmo
1299 2698 1364 2761 isto
1378 2716 1476 2761 anno.

333 2825 367 2894 (Ι
390 2819 527 2882 Festum
543 2820 649 2882 sancti
674 2819 856 2901 Augustini
879 2818 1052 2882 differatur
1074 2819 1108 2881 in
1132 2820 1266 2881 terciam
1283 2818 1398 2881 leriam
1416 2827 1494 2899 post

289 2904 411 2968 festum
428 2905 552 2972 Sancte
567 2906 750 2969 Trinitatis
790 2906 867 2969 Vna
883 2906 1051 2969 dominica
1066 2906 1098 2968 in
1115 2905 1180 2968 isto
1195 2925 1284 2968 anno
1299 2904 1494 2968 differatur.

287 2993 413 3055 scilicet
443 2994 476 3055 in
507 2994 561 3057 die
593 2992 707 3056 Sancti
738 2993 876 3075 Ypoliti,
905 2992 957 3055 vel
987 2992 1021 3054 in
1051 2992 1260 3056 dedicatione
1290 2992 1436 3069 ecclesie,
1466 2991 1495 3054 si

289 3080 455 3143 dominica
471 3080 575 3144 suerit.

332 3207 366 3276 (Ι
390 3199 444 3263 De
459 3200 551 3263 sestis
566 3199 665 3262 trium
681 3199 861 3263 lectionum
878 3199 937 3262 liat
960 3198 1120 3262 memoria
1134 3199 1220 3263 sicut
1235 3219 1295 3281 per
1309 3198 1492 3262 hebdoma-

289 3287 367 3350 dam
386 3287 505 3351 Pasce:
528 3286 618 3350 nulla
634 3285 716 3349 fiet¹¹
733 3288 893 3350 memoria
909 3287 951 3350 de
968 3285 1094 3369 Spiritu
1113 3287 1248 3364 Sanct0,
1263 3285 1320 3349 Ad
1337 3306 1494 3368 vesperas

289 3383 322 3437 et
339 3375 520 3437 matutinas
536 3375 639 3437 Beate
655 3374 803 3456 Virginis
818 3374 880 3437 hac
895 3373 1116 3438 hebdomada.

292 3545 342 3599 Ma
375 3542 430 3615 23]
465 3500 499 3569 (Ι
522 3494 587 3556 Die
618 3492 741 3558 Sancte
771 3494 954 3570 Trinitatis,
984 3504 1092 3557 totum
1123 3495 1166 3558 de
1197 3493 1301 3556 lesto:
1339 3493 1419 3555 nihil
1451 3494 1494 3557 de

289 3563 583 3731 fiatyme'mgggcgg
597 3580 777 3731 ggidnhhi)
823 3580 879 3643 Ad
897 3582 1060 3645 secundas
1082 3600 1239 3662 vesperas
1258 3579 1320 3643 sub
1336 3580 1495 3643 silentio¹²

332 3794 366 3865 (Ι
390 3789 486 3852 Feria
500 3789 540 3853 ii.
558 3789 599 3851 de
616 3788 702 3853 sesto
718 3788 790 3866 loci,
805 3799 840 3852 et
856 3789 1016 3852 memoria
1030 3789 1073 3851 de
1095 3788 1231 3851 octauis.

323 4152 332 4184 ¹
350 4154 395 4205 SS.
411 4154 502 4214 Nereo,
514 4153 632 4203 Achilleo
645 4162 671 4204 et
683 4152 822 4204 Pancratio.
908 4151 919 4182 ²
935 4152 996 4204 fiat:
1013 4152 1053 4214 87.

322 4218 333 4251 ³
349 4230 447 4270 totum:
464 4230 505 4281 97,
517 4232 558 4269 01.
908 4216 962 4255 ⁴-⁶
977 4235 1024 4268 one.
1039 4216 1079 4280 87,
1092 4216 1132 4268 88.

322 4283 503 4349 ‘antiphona
520 4285 576 4334 add.
591 4282 631 4346 87,
645 4282 684 4333 88.
909 4282 963 4318 ⁷—⁸
980 4284 1091 4334 Sabbato
1114 4320 1120 4333 .
1146 4320 1153 4333 .
1179 4320 1185 4333 .
1211 4281 1318 4334 sanctis:
1335 4299 1381 4332 om.
1396 4280 1491 4345 87,88.

321 4348 582 4465 hhioacigmbaw
590 4365 599 4398 .·
614 4360 656 4411 97,
668 4362 709 4399 01.
909 4347 930 4379 ¹⁰
948 4358 1015 4399 lota:
1032 4347 1074 4410 87,
1086 4347 1126 4398 88.

323 4478 345 4511 ¹²
361 4479 496 4531 solenniter
501 4479 546 4543 sor
557 4479 603 4529 sub
614 4478 731 4530 silentio:
748 4489 790 4540 97,
802 4491 842 4528 οι.
