3326 5208
275 435 324 487 266
601 439 878 491 DIRECTORIUM
905 442 949 492 SA
955 441 1110 492 CERDOT
1110 442 1173 494 ΗΜ.

318 596 352 666 11
376 591 473 654 Feria
488 591 536 669 .ii.,
550 602 585 656 et
600 593 717 657 ceteris
734 593 821 658 feriis
844 614 903 676 per
925 595 1182 672 hebdomadam,
1199 595 1242 659 de
1264 595 1392 671 ieiunio,
1408 615 1486 658 cum

275 676 436 740 versiculo
473 688 507 742 et
545 680 777 763 Responsoriis
814 682 948 746 historie
987 682 1196 746 dominicalis
1233 702 1292 767 per
1325 683 1477 746 ordinem

277 764 407 827 Tamen
424 766 457 827 in
474 765 535 830 iiii.
552 765 641 845 scria,
656 777 690 832 et
706 768 739 831 in
755 768 904 845 sabbat0,
921 770 1076 834 dicuntur
1091 770 1316 853 Responsoria
1339 769 1485 833 ferialia„¹

319 881 353 951 11
377 877 473 940 Feria
489 878 538 942 iii.
555 888 589 942 et
604 879 755 959 sabbate,
770 883 812 944 ad
830 902 984 964 vesperas
1000 891 1034 945 et
1050 882 1092 945 ad
1110 881 1292 946 matutinas
1310 881 1353 944 de
1368 890 1487 944 sancta

278 962 393 1036 Maria,
410 963 469 1028 fiat
484 967 656 1030 memoria²
672 968 715 1030 de
730 969 852 1032 sanctis
869 969 1053 1034 Scolastica
1068 978 1103 1032 et
1118 969 1308 1032 Valentino,

278 1087 345 1141 Feb.
363 1084 415 1157 15.]
451 1083 485 1153 11
509 1078 687 1142 Dominica
702 1080 739 1144 .ii.
756 1079 1031 1163 Quadragesime,
1047 1091 1121 1146 tota
1135 1062 1301 1144 cantetur-³
1321 1079 1466 1143 historia

319 1196 353 1266 11
379 1191 473 1254 Feria
489 1191 536 1267 .ii.,
552 1200 585 1255 et
601 1193 717 1256 ceteris
740 1192 827 1256 scriis
849 1213 910 1276 per
930 1192 1190 1270 hebdomadam,
1204 1191 1247 1255 de
1265 1191 1394 1267 ieiunio,
1409 1211 1487 1254 curn

278 1278 439 1341 versiculo
468 1287 503 1341 et
537 1278 770 1360 Responsoriis
808 1280 945 1343 historie
977 1279 1195 1356 dominicalis,
1226 1300 1286 1362 per
1324 1280 1486 1341 ordinem.

278 1364 408 1427 Tamen
434 1365 467 1427 in
491 1365 551 1429 iiii.
576 1364 656 1428 feria
678 1367 808 1430 dicatur
834 1368 978 1449 primum
1007 1367 1267 1449 Responsorium
1303 1364 1424 1439 feriale,
1453 1375 1488 1428 et

278 1451 368 1514 aliud
384 1453 416 1514 in
433 1452 584 1528 sabbato,
600 1473 676 1516 cum
694 1454 920 1537 Responsorio
935 1454 1047 1531 Pater,
1053 1455 1193 1536 peccaui.

320 1568 354 1638 11
379 1564 475 1627 Feria
498 1565 546 1641 .ii.,
570 1564 613 1628 ad
636 1586 790 1648 vesperas
816 1575 851 1629 et
881 1566 1069 1639 matutinas,
1094 1564 1255 1629 memoria
1292 1565 1334 1629 de
1370 1573 1490 1627 sancta

279 1650 417 1728 Iuliana,
432 1661 468 1714 vt
484 1671 591 1734 supra.

280 1772 348 1826 Feb.
363 1769 417 1842 aa]
451 1769 487 1838 11
509 1763 688 1827 Dominica
703 1763 752 1827 ,iii
769 1760 1045 1846 Quadragesime,
1060 1771 1169 1826 totum
1185 1762 1228 1825 de
1243 1761 1420 1826 dominica

279 1961 290 2025 l
322 1880 356 1975 11
382 1876 478 1938 Feria
519 1875 556 1939 ii.
598 1876 641 1938 de
671 1884 788 1939 sancto
826 1875 946 1951 Petro,⁴
980 1874 1212 1938 Inuitatorium
1250 1873 1396 1956 triplex:
1442 1871 1481 1936 ix

292 1973 446 2027 ectiones.

323 2079 357 2149 11
381 2074 477 2137 Feria
503 2073 551 2138 iii.
582 2073 625 2137 de
655 2083 773 2137 sancto
804 2072 943 2149 Mathia,
975 2072 1117 2137 Inferius
1150 2072 1299 2155 duplex:
1343 2070 1491 2134 solennis

281 2162 441 2224 memoria
455 2161 498 2225 de
513 2161 640 2225 ieiunio.

323 2278 357 2348 11
381 2272 477 2335 Feria
492 2272 563 2348 iiii,
580 2282 614 2336 et
628 2273 745 2336 ceteris
762 2272 847 2336 seriis
864 2293 923 2355 per
938 2271 1195 2348 hebdomadam,
1211 2270 1254 2334 de
1269 2270 1364 2333 feriis.

323 2390 357 2460 11
366 2385 478 2535 bFeria
492 2386 540 2449 .vi.
556 2385 685 2449 dicatur
701 2386 844 2467 primum
863 2384 1125 2466 Responsorium
1142 2382 1263 2458 feriale,
1278 2392 1312 2445 et
1333 2364 1398 2444 alia
1420 2382 1492 2445 duo

281 2470 315 2533 in
327 2493 364 2534 sa
389 2472 476 2536 bato.

324 2583 935 2667 11⁶Nota,quandoseptuagesima
962 2582 1052 2645 cadit
1082 2582 1116 2644 in
1147 2582 1202 2645 die
1232 2591 1347 2646 sancte
1378 2580 1492 2644 Prisce

280 2671 424 2753 virginis,
442 2671 517 2734 iste⁰
531 2671 638 2734 annus
654 2691 721 2735 non
738 2680 850 2754 potest
866 2690 938 2733 esse
954 2669 1139 2732 bisextilis.⁵

283 2797 384 2851 March
400 2793 434 2866 r.]
454 2787 489 2859 11
512 2784 690 2850 Dominica
705 2783 765 2848 iiii.
783 2781 1058 2866 Quadragesime,
1074 2790 1146 2844 tota
1162 2790 1314 2844 cantetur
1329 2778 1474 2843 historia

324 2907 358 2977 11
381 2901 479 2964 Feria
494 2901 532 2964 ii.
549 2901 591 2963 de
606 2905 722 2961 sancto
738 2895 887 2961 Ceddal:
910 2896 954 2957 ix.
971 2892 1137 2956 lectiones.

325 3018 360 3090 11
383 3014 480 3076 Feria
495 3012 544 3077 iii.
560 3011 604 3074 de
619 3018 735 3073 sancto
751 3006 884 3070 Dauid:
908 3006 952 3069 ix.
963 3004 1142 3068 lectiones.⁸

284 3214 544 3295 Responsorium
562 3208 682 3273 feriale.

325 3330 359 3400 11
383 3323 543 3399 Sabbato,
574 3321 616 3386 ad
656 3339 811 3402 vesperas
848 3328 882 3381 et
912 3318 954 3380 ad
987 3315 1168 3380 matutinas
1210 3313 1308 3377 beate
1346 3311 1492 3394 virginis,

283 3412 444 3475 memoria
466 3412 509 3474 de
524 3408 727 3492 virginibus.⁹

284 3536 385 3590 March
398 3531 435 3605 8.]
455 3528 489 3598 11
514 3520 691 3586 Dominica
701 3518 734 3581 in
752 3517 910 3581 Passione
927 3515 1074 3593 Domini,
1088 3523 1160 3578 tota
1179 3521 1331 3576 cantetur
1346 3510 1492 3574 historia.

324 3645 358 3715 11
384 3638 478 3702 Feria
494 3657 531 3700 .v.
547 3635 590 3696 de
605 3640 721 3696 sancto
737 3629 908 3713 Gregorio,
927 3628 1067 3691 lnserius
1082 3626 1229 3708 duplex:
1253 3624 1297 3688 ix.
1314 3623 1493 3686 lectiones:

283 3726 476 3810 Capitulum
491 3722 571 3785 Ecce
584 3717 736 3784 sacerdot.

325 3845 359 3915 11
383 3837 480 3901 Feria
495 3834 533 3899 .ii.
549 3833 597 3898 iii.
613 3830 674 3895 iiii.
690 3830 738 3893 .vi.
754 3838 789 3892 et
803 3827 954 3902 sabbato,
971 3826 1013 3889 de
1028 3824 1158 3889 ieiunio.
1205 3823 1252 3887 Et
1274 3823 1307 3885 in
1332 3821 1394 3885 ‚iiii
1411 3819 1494 3883 feria

282 3927 412 3991 dicatur
427 3931 585 3987 octauum
601 3915 864 3999 Responsorium
881 3914 1027 3990 historie,
1042 3932 1117 3975 cum
1133 3911 1265 3975 duobus
1282 3908 1459 3972 ferialibus.

315 4251 324 4282 ¹
341 4251 372 4301 dr
385 4252 416 4300 R.
430 4249 534 4300 feriale:
552 4248 600 4310 87:
618 4247 710 4299 dicitur
721 4246 918 4312 Responsorium
930 4244 1033 4296 feriale:
1051 4243 1091 4294 88.

314 4316 325 4348 ²
343 4318 416 4366 Fiant
428 4315 564 4365 memorie:
582 4313 624 4375 87,
637 4313 677 4362 88.
1034 4309 1045 4341 ³
1060 4309 1173 4360 dicatur:
1191 4307 1233 4370 87,
1246 4305 1286 4356 88.

315 4381 326 4412 ⁴
342 4382 469 4432 Cathedra
480 4380 506 4431 S.
522 4379 596 4429 Petri.
1031 4372 1085 4411 ⁶-⁶
1100 4391 1147 4423 orie.
1162 4384 1204 4436 97,
1220 4385 1260 4422 01.

313 4445 325 4478 ⁸
341 4448 399 4496 illc:
418 4446 459 4508 87,
472 4444 512 4495 88.
1031 4440 1043 4472 ⁷
1058 4440 1164 4491 Cedda:
1181 4455 1228 4487 ons.
1243 4437 1285 4498 87,
1297 4435 1336 4485 88.

313 4512 325 4544 ⁸
340 4513 420 4562 oratio
431 4521 456 4561 et
467 4519 549 4561 cetera
560 4509 593 4560 de
604 4507 748 4559 communi:
766 4507 822 4556 add.
836 4518 877 4570 97,
890 4519 930 4556 01.
1030 4505 1041 4536 ⁹
1058 4506 1104 4556 SS.
1120 4506 1243 4568 Perpetua
1253 4511 1279 4553 et
1291 4499 1430 4552 Felicitate.
