3326 5208
292 463 344 501 m
611 456 887 507 DIRECYORIUM
916 457 1182 508 SAcERDOTUM.

471 614 505 684 (Ι
531 609 575 758 Ius
586 608 640 672 die
657 610 768 687 Pasce,
779 620 813 673 et
830 630 888 692 per
902 609 1157 685 hebdomadam,
1174 620 1282 674 totum
1299 613 1342 675 de
1357 611 1504 675 solenni-

472 705 542 758 tate
572 697 641 759 esti.

339 813 373 883 (Ι
396 806 564 872 Omnibus
575 808 760 886 dominicis
769 807 811 871 de
821 828 1020 890 quocunque
1033 807 1083 872 fit¹
1095 811 1280 885 seruicium‚
1289 810 1332 873 ad
1345 821 1502 893 vtrasque

294 913 448 976 vesperas
463 905 497 957 et
513 897 556 958 ad
574 896 765 970 matutinas,
780 893 839 958 fiat
854 896 999 958 solennis
1022 897 1185 959 memoria
1200 897 1242 960 de
1257 897 1446 961 dominica:
1468 908 1502 961 et

295 1000 466 1062 nunquam
484 983 527 1045 ad
545 983 689 1045 missam.

292 660 374 730 April
390 658 442 731 11.]

338 1092 562 1168 CIOmnibus
598 1094 690 1157 festis
724 1114 800 1157 cum
833 1096 993 1177 regimine
1023 1094 1123 1169 chori,
1146 1116 1250 1178 vsque
1280 1097 1323 1160 ad
1353 1098 1500 1179 vigiliam

296 1179 511 1243 Ascensionis
547 1180 727 1256 exclusiue,
762 1183 803 1244 ad
839 1203 1003 1264 vesperas,
1034 1193 1067 1245 et
1102 1183 1145 1245 ad
1181 1185 1371 1261 matutinas
1398 1193 1432 1248 et
1458 1186 1500 1247 ad

294 1266 440 1343 missam,
452 1266 510 1330 liat
520 1268 666 1330 solennis
679 1269 839 1331 memoria
850 1271 891 1332 de
902 1271 1157 1347 resurrectione;
1180 1272 1242 1333 nisi
1255 1272 1288 1333 in
1304 1271 1502 1335 quentione

296 1352 420 1418 Sancte
437 1354 560 1430 Crucis,
570 1364 603 1418 et
619 1355 652 1417 iu
669 1355 822 1418 sabbatol
838 1358 881 1417 ad
894 1376 1056 1438 vesperas.
1103 1357 1356 1421 Benedictiones
1373 1358 1501 1422 feriales

296 1461 362 1503 non
380 1442 535 1504 dicuntur
550 1462 654 1524 vsque
670 1451 746 1522 post
762 1441 853 1505 Deus
866 1444 1021 1507 ommium.

293 1602 375 1674 April
391 1601 443 1673 13]
472 1559 506 1629 (Ι
530 1555 707 1616 Dominica
724 1555 771 1636 (in
785 1555 885 1635 albis)
900 1556 1008 1637 prima
1024 1567 1101 1638 post
1113 1557 1224 1630 Pasca,
1238 1557 1348 1620 minus
1364 1559 1503 1640 duplex,

474 1643 633 1703 memoria
664 1644 706 1704 de
736 1644 982 1719 resurrectione,
1006 1663 1081 1705 cum
1108 1643 1216 1707 missa.
1272 1645 1349 1707 Non
1373 1644 1504 1709 dicatur

294 1724 394 1803 Deus,
405 1727 465 1806 qui
476 1726 633 1792 hodierna
655 1728 708 1791 die
723 1778 729 1791 .
746 1733 804 1791 sed
828 1728 926 1804 Deus,
943 1730 1003 1811 qui
1015 1741 1079 1812 per
1098 1731 1302 1812 umgenitum
1317 1780 1325 1793 .
1342 1733 1504 1796 memoria

292 1812 338 1874 ad
353 1816 517 1877 secundas
529 1835 684 1897 vesperas
696 1816 738 1878 de
750 1816 996 1894 resurrectione,
1008 1817 1188 1881 solenniter
1200 1841 1207 1880 :
1230 1818 1301 1881 ³sed
1318 1821 1361 1883 de
1376 1832 1502 1893 sancte,

294 1900 474 1981 priuatim.³

338 2017 372 2087 (Ι
397 2013 493 2075 Feria
523 2014 562 2076 ii.
593 2014 636 2077 de
660 2025 777 2078 sancto
809 2014 978 2098 Alpheg0,
1008 2016 1242 2080 Inuitatorium
1275 2017 1412 2100 duplex,
1436 2029 1504 2082 tres

295 2097 455 2162 lectiones
471 2103 514 2164 de
529 2102 708 2164 communi.
756 2101 949 2184 Capitulum
968 2102 1086 2167 Omnis
1094 2105 1250 2183 pontifex.

338 2218 372 2287 (Ι
397 2212 494 2276 Feria
526 2213 577 2277 ,iii
610 2214 652 2275 de
684 2212 772 2278 seria.
830 2215 1056 2298 Responsoria
1090 2218 1132 2279 de
1165 2216 1204 2281 .ii.
1244 2216 1331 2293 seria,
1369 2218 1504 2292 scilicet,

295 2297 429 2380 Digitus
442 2320 482 2361 es.
529 2300 634 2363 Missa
650 2301 864 2364 dominicalis

337 2417 370 2486 (Ι
396 2413 492 2474 Feria
501 2412 563 2475 iiii.
580 2412 622 2475 de
635 2411 722 2476 feria.
767 2414 1001 2496 Responsoria,
1011 2415 1156 2489 scilicet,⁴
1166 2415 1314 2479 Locutus.
1349 2417 1506 2499 Epistola

293 2505 329 2560 et
344 2499 555 2580 euangelium
573 2500 659 2563 illius
675 2499 762 2564 serie.

337 2615 372 2685 (Ι
396 2612 423 2673 F
425 2611 493 2674 eria
507 2633 544 2675 .v.
561 2611 607 2674 de'
620 2613 705 2675 sesto
721 2612 791 2677 loci.

337 2729 371 2798 (Ι
396 2723 493 2787 Feria
507 2726 556 2788 .vi.
573 2726 615 2787 de
631 2736 747 2788 sancto
763 2726 918 2808 Georgi0,
936 2727 1044 2789 minus
1061 2726 1196 2809 duplex.

338 2841 373 2911 (Ι
397 2834 555 2914 Sabbato,
572 2838 615 2900 de
630 2847 746 2900 sancta
763 2838 878 2901 Maria

339 2953 373 3023 (Ι
395 2948 463 3010 Vbi
495 2946 579 3012 fiunt
603 2959 670 3012 tres
707 2950 1052 3023 commemorationes,
1080 2953 1113 3013 in
1143 2951 1205 3015 iiii.
1239 2951 1319 3015 seria
1351 2951 1407 3016 fiat
1438 2973 1506 3016 vna

293 3037 577 3099 commemoratio.
623 3036 680 3099 Ad
703 3057 868 3120 vesperas
892 3038 1051 3100 solennis⁶
1074 3040 1234 3102 memoria
1257 3043 1300 3103 de
1325 3040 1504 3116 dominica,

293 3132 328 3184 et
344 3123 510 3204 processio
526 3121 591 3187 fiat.

471 3240 504 3309 (Ι
530 3235 707 3299 Dominica
722 3237 762 3299 .ii.
778 3246 856 3319 post
880 3237 992 3315 Pasca,
1007 3237 1050 3299 de
1072 3248 1189 3301 sancto
1214 3239 1337 3315 Marc0,
1363 3238 1505 3302 Inferius

472 3323 610 3404 duplex,
632 3322 825 3387 Secundum
841 3324 975 3387 alleluia
997 3324 1030 3386 in
1055 3326 1156 3388 missa
1179 3345 1246 3388 non
1272 3327 1314 3388 de
1335 3326 1506 3389 dominica

296 3406 368 3483 erit,
383 3408 441 3470 sed
454 3410 496 3471 de
513 3409 576 3470 illis
593 3413 738 3492 septem⁰
753 3431 812 3493 per
827 3411 986 3475 ordinem.

334 3520 546 3668 l(UIFeriaii.
563 3523 605 3584 de
622 3523 708 3587 seria.
755 3523 981 3606 Responsoria
997 3524 1186 3606 Dignuses.
1233 3525 1338 3588 Missa
1361 3524 1505 3588 domini-

294 3625 381 3670 cais.

337 3726 371 3795 (Ι
395 3720 491 3783 Feria
506 3721 556 3785 iii.
573 3722 616 3786 de
632 3722 718 3786 festo
733 3721 804 3786 loci.

314 3833 493 3980 h‘LFesla
515 3855 577 3899 rur.
601 3834 643 3898 de
675 3845 792 3898 sancto
815 3834 937 3912 Vitale,
959 3844 1027 3898 tres
1050 3835 1208 3898 lectiones
1238 3856 1314 3901 cum
1342 3836 1506 3919 regimine

294 3938 312 3980 c
337 3939 393 3982 ori.

293 3282 374 3354 April
387 3282 442 3354 25.]

338 4036 371 4105 (Ι
396 4033 492 4095 Feria
522 4056 559 4096 .v.
592 4035 635 4097 de
667 4033 754 4099 seria.
812 4035 1038 4116 Responsoria
1071 4035 1218 4099 Locutus.
1276 4034 1430 4118 Epistola
1470 4044 1505 4098 et

338 4237 372 4307 (Ι
397 4232 492 4295 Feria
508 4234 556 4296 .vi.
573 4233 615 4296 de
630 4244 747 4296 sancta
764 4234 878 4297 Maria

330 4383 338 4414 ¹
357 4385 416 4435 fiale
434 4384 475 4447 87,
488 4384 528 4435 88.
857 4385 869 4415 '³
884 4385 1013 4437 sabbatis:
1031 4386 1070 4447 87.
1083 4386 1123 4437 88.

329 4450 383 4486 ³-³
399 4468 445 4499 out.
460 4463 501 4514 97,
514 4465 543 4501 οι
558 4451 638 4511 (des.
657 4452 793 4518 Alphego).
861 4451 872 4482 ⁴
888 4453 1000 4503 scilicet:
1018 4469 1065 4501 ont.
1079 4453 1120 4515 87,
1134 4452 1173 4503 88.

329 4516 340 4546 ⁶
356 4518 481 4568 solennis:
498 4534 545 4567 orn.
560 4518 601 4578 87,
614 4517 654 4568 88.
864 4517 875 4548 ⁶
891 4519 944 4569 im:
961 4528 1003 4581 97,
1015 4532 1056 4568 01.
1092 4518 1131 4569 Cl.
1146 4519 1251 4568 Musale
1262 4519 1332 4578 Sar„
1345 4535 1370 4584 p.
1384 4529 1441 4581 390.
