3372 5224
277 469 322 529 164
591 467 866 517 DIRECTORIUM
893 466 936 515 SA
942 465 1097 516 CERDOT
1097 465 1159 516 UM.

318 628 351 697 (Ι
376 620 471 683 Feria
496 641 534 684 .v.
550 619 592 683 de
616 629 732 683 sancto
756 619 897 696 Thoma,
921 619 1029 683 minus
1053 618 1190 702 duplex.
1234 618 1291 682 Ad
1315 617 1477 681 secundas

276 728 440 790 vesperas,
458 707 618 770 memoria
633 708 675 770 de
690 707 819 770 octauis

319 826 352 895 (Ι
376 819 471 882 Feria
486 818 536 881 .vi.
552 819 595 881 de
610 819 754 882 octauis:
777 828 844 882 tres
859 819 1024 882 lectiones.

320 954 353 1023 (Ι
377 946 537 1025 Sabbat0,
549 948 591 1010 de
600 947 732 1010 octaua¹
749 997 756 1010 .
773 947 817 1009 ix.
830 946 997 1010 lectiones.
1035 947 1092 1009 Ad
1102 965 1256 1028 vesperas
1268 945 1477 1026 reliquiarum

278 1034 438 1099 memoria
453 1033 496 1097 de
517 1042 638 1097 octaua
660 1034 848 1109 solenniter,
864 1036 911 1097 eti
926 1032 969 1096 de
994 1033 1172 1110 dominica,
1186 1042 1221 1096 et
1246 1035 1289 1097 de
1313 1032 1479 1095 Trinitate

278 1122 340 1185 sub
355 1121 494 1184 silentio.
540 1119 646 1183 Nihil³
660 1122 703 1184 de
719 1122 939 1203 martyribus.⁴

296 1284 324 1337 ul
453 1238 486 1307 (Ι
511 1232 689 1296 Dominica
714 1233 789 1308 .iiii,
812 1231 932 1296 festum
960 1231 1181 1312 reliquiarum,
1206 1231 1313 1293 maius
1342 1230 1491 1312 duplex·

278 1284 293 1355 J
326 1279 410 1352 για]
456 1319 557 1382 Nulla
571 1319 730 1381 memoria
742 1319 854 1383 devii.
868 1319 1030 1382 fratribus.
1076 1317 1236 1401 Quotidie
1248 1316 1308 1380 fiat
1320 1317 1479 1381 memoria

279 1404 322 1467 de
348 1403 493 1486 reliquiis
518 1426 576 1487 per
598 1414 689 1468 totas
712 1414 858 1483 octauas,
881 1425 957 1468 cum
984 1405 1134 1468 oratione
1158 1405 1277 1467 Presta
1307 1424 1481 1486 queramus

278 1492 474 1572 omnipotens
488 1492 586 1569 Deus,
601 1502 637 1577 vt
650 1503 833 1555 sanctorum
849 1502 979 1555 tuorum
994 1513 1129 1574 quorum
1145 1491 1288 1573 reliquie,
1303 1492 1378 1554 etc.³

322 1620 476 1695 {Feria
497 1621 536 1684 .ii.
553 1622 595 1684 de
618 1632 734 1685 sancto
759 1621 950 1685 Benedicto.
997 1620 1232 1684 Inuitatorium
1257 1619 1393 1702 duplex,
1428 1620 1480 1682 .iii.

280 1706 438 1770 lectiones
454 1718 595 1771 tantum.

322 1825 357 1895 (Ι
380 1820 475 1882 Feria
491 1820 542 1883 .iii.
558 1821 600 1883 de
616 1818 701 1883 sesto
717 1820 788 1883 loci.

322 1938 355 2007 (Ι
379 1932 474 1995 Feria
490 1931 552 1994 .iiii.
569 1931 612 1995 de
628 1930 715 1996 seria.
762 1931 986 2014 Responsoria
1008 1931 1051 1994 de
1073 1931 1233 1995 secundo⁶
1260 1941 1432 2008 nocturno,
1446 1940 1481 1993 et

280 2017 407 2082 nullum
423 2018 557 2081 feriale!

323 2135 357 2205 (Ι
380 2130 408 2192 F
410 2130 477 2192 eria
492 2151 529 2194 .v.
545 2130 588 2193 de
604 2139 719 2194 sancta
736 2130 851 2194 Maria

323 2247 357 2317 (Ι
380 2242 477 2305 Feria
506 2242 556 2305 .vi.
586 2241 628 2304 de
658 2252 774 2306 sancto
806 2240 989 2319 Swithuno,
1018 2242 1182 2323 sociisque
1212 2243 1290 2305 eius.
1349 2243 1481 2306 Nouem

280 2328 439 2392 lectiones
455 2330 497 2392 de
512 2329 689 2392 communi.

324 2446 359 2516 (Ι
382 2438 532 2503 Sabbato
558 2440 601 2502 de
624 2448 741 2503 sancto
766 2439 953 2513 Osmund0,
977 2449 1086 2503 totum
1107 2440 1150 2503 de
1174 2441 1352 2505 communi.
1398 2442 1481 2524 (Vbi

282 2526 366 2591 fiunt
374 2536 442 2590 tres
454 2527 798 2601 commemorationes,
810 2528 843 2590 in
856 2527 919 2590 .iiii.
930 2526 1010 2590 feria
1026 2525 1084 2589 fiat
1094 2543 1159 2590 vna
1171 2529 1483 2611 commemoratio).⁸

282 2613 339 2677 Ad
362 2634 515 2696 vesperas
538 2614 721 2697 antiphona
744 2665 751 2678 .
775 2614 906 2677 Montes
937 2613 1070 2677 Gelboe:
1093 2615 1240 2695 psalmus
1262 2615 1482 2699 Magnificat:

283 2702 454 2763 memoria⁹
478 2701 521 2763 de
547 2710 664 2765 sancto
695 2700 871 2779 Kenelmo,
900 2700 943 2764 de
973 2700 1127 2783 reliquiis,
1157 2703 1200 2765 de
1229 2701 1412 2766 Trinitate:
1449 2710 1485 2765 et

282 2788 449 2870 processio
465 2786 530 2851 fiat.

284 2949 373 3020 Julyr
458 2898 693 2973 {Dominica
708 2920 746 2962 .v.
758 2899 801 2961 de
812 2898 952 2963 seruicio
962 2897 1161 2962 dominicali.
1200 2900 1313 2965 Medie
1325 2901 1484 2966 lectiones

379 2945 416 3018 7‘]
458 2986 500 3048 de
516 2995 632 3049 sancto
649 2985 824 3049 Kenelmo.
870 2986 910 3048 In
926 2984 1080 3049 laudibus
1094 3007 1161 3049 vna
1176 2986 1367 3070 antiphona.

326 3120 360 3190 (Ι
384 3114 479 3177 Feria
502 3114 541 3178 .ii.
565 3115 608 3177 de
633 3124 750 3178 sancto
774 3113 961 3197 Amulph0,
987 3115 1219 3179 inuitatorium
1246 3118 1401 3202 simplex,
1418 3128 1484 3182 tres

284 3201 443 3263 lectiones
458 3203 502 3265 de
516 3203 694 3265 communi.
739 3201 933 3284 Capitulum
952 3200 1069 3266 Omnis
1075 3202 1233 3284 pontifex.

326 3318 359 3387 (Ι
384 3312 479 3376 Feria
494 3312 546 3376 .iii.
562 3313 604 3377 de
620 3313 705 3378 sesto
720 3313 792 3376 loci.

286 3639 296 3702 l
328 3553 481 3653 ill-“erla
504 3575 543 3619 .v.
565 3554 608 3618 de
632 3564 748 3618 sancta
773 3554 932 3618 Praxede.
979 3556 1213 3622 Inuitatorium
1240 3557 1394 3640 simplex,
1419 3568 1485 3621 tres

298 3650 451 3704 ectrones,

328 3757 361 3826 (Ι
386 3752 482 3814 Feria
497 3753 546 3817 .vi.
562 3752 604 3816 de
620 3762 735 3817 sancta
752 3753 859 3816 Maria
876 3753 1087 3836 Magdalena‚
1104 3756 1335 3820 Inuitatorium
1352 3757 1487 3840 triplex,

286 3839 332 3903 ix.
348 3839 515 3914 lectiones,
531 3849 565 3903 et
580 3842 740 3903 memoria
755 3840 798 3904 de
812 3841 969 3904 abbate.¹⁰

322 4176 511 4228 ¹Visitationis.
903 4176 914 4209 ²
962 4178 1028 4230 'mot
1045 4180 1101 4230 add.
1115 4190 1157 4243 97,
1168 4194 1209 4231 01.

321 4242 371 4293 ³et
384 4243 553 4307 besorenihile
570 4242 611 4304 87,
624 4241 663 4293 88,
903 4191 1033 4309 *ἕρπω
1044 4245 1180 4297 Fratribus.

320 4306 331 4336 ⁸
348 4308 387 4358 Cf.
404 4309 479 4358 Crede
490 4309 581 4369 uicti,
593 4311 607 4368 Ι
625 4319 679 4373 157,
710 4346 716 4358 .
731 4319 770 4371 72.
902 4305 913 4339 ⁸
929 4308 1027 4375 primo:
1044 4321 1086 4373 97,
1097 4324 1138 4361 01.

321 4372 331 4405 ⁷
347 4382 372 4423 et
384 4374 458 4423 missa
469 4373 625 4424 dominicalis
638 4393 646 4425 e
712 4411 718 4423 .
732 4384 774 4436 97,
786 4387 826 4424 01.

320 4436 331 4468 ⁸
348 4448 372 4489 et
384 4447 442 4488 tunc
452 4438 513 4489 feria
524 4439 558 4489 iii.
569 4439 658 4489 dicitur
669 4439 744 4490 missa
755 4437 912 4490 dominicalis
921 4437 948 4489 in
959 4439 1087 4553 owituloe
1104 4442 1160 4491 adri.
1179 4453 1220 4505 97,
1233 4456 1273 4495 01.

321 4502 389 4554 ⁰an'
400 4503 537 4555 memoria:
554 4516 596 4567 97,
608 4517 648 4555 01.
900 4502 920 4535 ¹⁰
937 4505 963 4556 S.
1010 4505 1176 4571 andragesilo.
