3326 5208
270 481 319 542 246
597 480 872 530 DIRECYORIlLl!
900 481 944 529 SA
949 480 1103 529 CERDOT
1102 481 1166 531 HM.

313 639 347 708 (Ι
372 632 439 696 Vbi
467 632 550 696 fiunt
577 642 644 696 tres
668 633 1011 709 commemorationes,
1038 633 1142 696 ¹Nihil
1169 631 1227 696 fiat
1251 633 1294 696 de
1316 633 1365 695 iii.
1389 652 1482 695 com·

269 721 528 784 memoratione.l

446 838 479 907 (Ι
504 833 683 895 Dominica
706 833 769 897 iiii.
796 844 873 916 post
898 833 1011 908 Pasca,
1035 833 1078 896 de
1101 832 1242 895 seruicio
1277 831 1481 895 dominicali.

448 919 603 982 ‘lercium
622 919 1055 1003 Responsoriumaduobus
1067 930 1227 983 cantetur.
1274 919 1482 982 lnlaudibus

270 1026 335 1067 vna
351 1006 542 1088 antiphona

312 1123 346 1193 (Ι
371 1118 466 1180 Feria
482 1119 520 1183 ii.
536 1119 579 1182 de
595 1117 680 1181 sesto
695 1118 765 1181 loci.

313 1235 346 1304 (Ι
372 1230 467 1293 Feria
482 1231 534 1294 iii.
551 1230 594 1292 de
609 1241 726 1294 sancto
743 1230 910 1304 Aldelm0,
926 1241 960 1294 et
976 1230 1136 1293 memoria
1151 1230 1194 1293 de
1210 1233 1377 1311 martyre.¹

272 884 342 951 May
356 881 411 953 23.]

312 1459 346 1528 (Ι
371 1455 468 1517 Feria
489 1476 526 1518 .v.
550 1453 592 1516 de
616 1453 704 1518 seria
751 1456 975 1535 Responsoria
998 1455 1160 1518 Narrabo.
1208 1455 1313 1517 Missa
1336 1453 1482 1517 domini-

270 1541 357 1604 calis.

270 1740 279 1802 l
313 1659 346 1728 (Ι
371 1654 467 1716 Feria
493 1654 542 1717 .vi.
569 1655 612 1717 de
635 1664 752 1717 sancto
779 1653 957 1730 Germano,
986 1654 1218 1716 lnuitatorium
1247 1653 1386 1736 duplex,
1412 1664 1482 1715 tres

281 1742 435 1804 ectiones.

311 1858 345 1927 (Ι
370 1852 529 1929 Sabbato,
544 1853 587 1915 de
602 1862 718 1915 sancta
735 1854 850 1917 Maria

312 1970 345 2039 (Ι
369 1965 435 2027 Vbi
459 1963 542 2027 liunt
564 1974 631 2027 tres
653 1966 996 2037 commemorationes
1013 1966 1045 2027 in
1062 1987 1099 2028 .v.
1117 1965 1197 2027 seria
1221 1964 1279 2027 liat
1301 1985 1367 2027 vna
1390 1985 1482 2027 com-

270 2053 488 2115 memoratio³

446 2169 479 2239 (Ι
504 2163 682 2227 Dominica
708 2185 744 2227 .v.
771 2174 847 2246 post
878 2164 991 2239 Pasca,
1023 2166 1064 2226 de
1102 2165 1240 2226 seruicio
1278 2164 1482 2227 dominicali.

446 2250 601 2313 Tercium
616 2252 876 2333 Responsorium
894 2272 914 2313 a
925 2250 1056 2314 duobus
1066 2262 1225 2314 cantetur.
1273 2251 1311 2314 ln
1325 2249 1481 2314 laudibus

269 2355 387 2398 omnes
403 2337 583 2419 antiphone
608 2338 767 2401 dicantur.
814 2338 869 2401 Ad
893 2340 1056 2401 secundas
1079 2359 1234 2418 vesperas
1257 2358 1322 2400 vna
1347 2349 1479 2400 tantum

271 2424 440 2499 memoria,
477 2425 602 2486 scilicet
640 2425 682 2486 de
719 2426 965 2488 resurrectione.
1043 2426 1146 2488 Nihil¹
1183 2425 1241 2488 fiat
1286 2427 1328 2488 de
1363 2434 1481 2487 sancta

273 2510 459 2587 Petronilla,
496 2531 604 2592 neque
641 2512 684 2574 de
723 2513 938 2592 martyribus⁶
973 2513 1005 2574 in
1042 2514 1101 2576 iiii.
1130 2512 1218 2588 seria,
1246 2513 1306 2574 nisi
1346 2523 1479 2574 tantum

272 2216 342 2282 May
355 2210 410 2283 3o,]

271 2598 440 2672 memoria,
458 2598 513 2660 Ad
530 2618 685 2679 vesperas
701 2602 747 2661 et¹
764 2601 945 2662 matutinas
962 2601 1004 2662 de
1019 2611 1135 2662 sancta
1153 2600 1267 2663 Maria.

312 2713 346 2782 (Ι
371 2709 467 2771 Feria
476 2710 515 2773 ii.
526 2710 568 2772 de
582 2708 668 2774 seria.
710 2711 935 2793 Responsoria
944 2712 987 2773 dc
999 2711 1049 2775 iii.
1063 2711 1150 2784 feria,
1164 2711 1288 2774 scilicet
1299 2711 1482 2790 Hymnum,

270 2815 345 2857 cum
363 2796 492 2859 duobus
507 2798 730 2879 sequentibus¹

312 2913 345 2983 (Ι
371 2906 467 2970 Feria
482 2909 532 2972 iii.
548 2910 590 2971 de
605 2919 721 2973 sancta
739 2910 855 2985 Maria,
871 2919 905 2973 et
922 2911 1081 2972 memoria
1096 2910 1138 2972 de
1154 2921 1270 2973 sancto
1288 2910 1482 2974 Nicomede.

269 3025 346 3167 DQ
372 3020 467 3083 Feria
492 3021 555 3084 iiii.
580 3023 622 3084 de
659 3021 747 3086 seria.
811 3022 1035 3105 Responsoria
1067 3024 1109 3085 de
1134 3023 1198 3086 ,iii.¹
1235 3021 1323 3093 lesia,
1357 3023 1483 3085 scilicet

306 3107 389 3170 educ.

314 3225 347 3294 (Ι
370 3218 438 3282 Vbi
467 3219 550 3284 fiunt
574 3230 641 3284 tres
665 3222 1009 3297 commemorationes,
1033 3222 1064 3283 in
1092 3222 1132 3285 ii.
1157 3221 1238 3284 seria
1269 3223 1484 3299 rogationum

272 3307 439 3369 dicuntur⁸
463 3308 687 3389 Responsoria
710 3309 752 3370 de
767 3309 806 3372 .ii.
824 3310 913 3383 feria,
938 3308 1061 3371 scilicet
1088 3309 1251 3372 Narrabo.
1298 3309 1343 3370 Et
1369 3310 1401 3370 in
1418 3310 1486 3373 iiii.

273 3393 353 3455 lesia
369 3395 536 3457 dicuntur⁸
553 3396 780 3478 Responsoria
795 3396 837 3458 de
853 3397 905 3460 ii.¹
923 3396 1008 3471 scria,
1026 3396 1150 3459 scilicet
1173 3396 1380 3475 Hymmmt.¹⁰

314 3511 348 3580 (Ι
373 3507 468 3568 Feria
483 3528 520 3570 .ν.
537 3507 632 3570 dies¹¹
650 3507 875 3583 AscensioniS,
892 3507 1012 3570 festum
1029 3507 1218 3590 principale.

313 3623 347 3693 (Ι
372 3618 468 3680 Feria
483 3619 531 3682 .vi.
548 3620 752 3683 deoctauis¹¹
768 3621 819 3684 iii.
836 3619 1001 3684 lectiones

271 3816 294 3879 b
314 3729 531 3852 ‘lasabbato’
547 3733 589 3795 de
604 3732 750 3794 octauis:
774 3743 839 3795 tres
856 3732 1021 3807 lectiones,
1037 3742 1070 3795 et
1088 3732 1247 3795 memoria
1264 3735 1306 3796 de
1330 3733 1488 3815 martyri-

296 3837 342 3880 us.

305 4014 355 4052 ¹-¹
374 4016 450 4066 invi.
473 4017 534 4067 seria
554 4018 596 4068 liat
616 4036 665 4068 vna
684 4019 897 4079 commemoratio,
919 4030 943 4069 et
962 4019 1130 4084 Responsoria
1147 4020 1179 4070 de
1196 4019 1239 4069 iiii.
1260 4020 1320 4069 seria
1336 4021 1487 4071 omittantur

272 4081 503 4147 (praemittantur,
516 4095 557 4145 97,
570 4086 613 4141 01)
625 4102 630 4132 :
649 4084 690 4145 87,
703 4085 744 4142 85,
757 4096 798 4146 97,
811 4098 851 4133 01.
952 4084 963 4114 ‘¹
980 4084 1005 4133 S.
1021 4086 1131 4134 Vrbano.

305 4146 316 4177 ¹
332 4158 357 4197 et
369 4148 444 4196 missa
456 4148 615 4199 dominicalis
626 4150 715 4199 dicitur
727 4149 752 4198 in
764 4150 892 4214 capitulo:
911 4151 966 4199 αᾱιί.
981 4162 1022 4210 97,
1035 4162 1075 4199 01.

304 4212 315 4242 ⁴
331 4221 356 4262 et
367 4213 444 4277 before
455 4214 533 4263 nihil:
551 4213 593 4276 87,
606 4214 646 4264 88.
950 4214 961 4243 ¹
977 4215 1023 4264 SS.
1039 4215 1187 4265 Marcellino
1198 4227 1222 4265 et
1235 4217 1315 4265 Petro.

304 4276 316 4306 ⁶
331 4278 381 4327 ad:
400 4280 510 4327 immed
518 4278 559 4341 87,
576 4278 615 4329 88.
950 4279 961 4311 ⁷
977 4280 1021 4330 iiii.
1034 4299 1041 4329 ε
1059 4292 1100 4342 97,
1112 4294 1152 4330 01.

305 4342 316 4373 ¹
332 4343 462 4393 dicantur:
480 4344 520 4393 88.
953 4344 965 4375 ¹
981 4346 1033 4394 iil:
1052 4346 1093 4407 87,
1107 4346 1148 4405 88,
1161 4357 1202 4407 97,
1215 4359 1255 4397 01.

305 4408 325 4438 ¹⁰
342 4417 366 4458 et
380 4410 548 4473 Responsoria
559 4409 591 4460 de
602 4409 646 4460 iiii.
661 4410 721 4460 seria
732 4410 961 4475 pretermittantur:
980 4412 1035 4460 odd.
1050 4423 1144 4471 97,01.

305 4472 323 4503 ¹¹
341 4474 373 4523 de
382 4474 425 4534 sor
434 4474 488 4524 dies
501 4493 507 4523 :
525 4485 566 4536 97,
579 4489 620 4526 01.
948 4475 969 4505 ¹¹
984 4476 1152 4526 Ascensioms.

306 4537 326 4569 ¹⁸
343 4539 389 4590 SS.
405 4539 534 4590 Bonilacio
545 4541 667 4609 sociisque
678 4540 738 4592 eius.
