<?xml version="1.0" encoding="UTF-8"?>
<!DOCTYPE html PUBLIC "-//W3C//DTD XHTML 1.0 Transitional//EN"
    "http://www.w3.org/TR/xhtml1/DTD/xhtml1-transitional.dtd">
<html xmlns="http://www.w3.org/1999/xhtml" xml:lang="en" lang="en">
 <head>
  <title>
</title>
<meta http-equiv="Content-Type" content="text/html;charset=utf-8" />
  <meta name='ocr-system' content='tesseract 3.04.00' />
  <meta name='ocr-capabilities' content='ocr_page ocr_carea ocr_par ocr_line ocrx_word'/>
</head>
<body>
  <div class='ocr_page' id='page_1' title='image "./ordinalesarvmsi00cathgoog/ordinalesarvmsi00cathgoog_0449.png"; bbox 0 0 3316 5220; ppageno 0'>
   <div class='ocr_carea' id='block_1_1' title="bbox 287 465 1184 534">
    <p class='ocr_par' dir='ltr' id='par_1_1' title="bbox 287 465 1184 534">
     <span class='ocr_line' id='line_1_1' title="bbox 287 465 1184 534; baseline -0.004 -16"><span class='ocrx_word' id='word_1_1' title='bbox 287 480 337 534; x_wconf 80' lang='lat'>330</span> <span class='ocrx_word' id='word_1_2' title='bbox 614 466 889 517; x_wconf 82' lang='lat' dir='ltr'><em>DIRECTORIUM</em></span> <span class='ocrx_word' id='word_1_3' title='bbox 917 465 1184 515; x_wconf 75' lang='lat' dir='ltr'><em>SACERDOTUM,</em></span> 
     </span>
    </p>
   </div>
   <div class='ocr_carea' id='block_1_2' title="bbox 289 617 1504 789">
    <p class='ocr_par' dir='ltr' id='par_1_2' title="bbox 289 617 1504 789">
     <span class='ocr_line' id='line_1_2' title="bbox 331 617 1504 701; baseline -0.004 -17"><span class='ocrx_word' id='word_1_4' title='bbox 331 627 364 697; x_wconf 99' lang='grc' dir='ltr'>(Ι</span> <span class='ocrx_word' id='word_1_5' title='bbox 388 621 485 684; x_wconf 82' lang='lat' dir='ltr'>Feria</span> <span class='ocrx_word' id='word_1_6' title='bbox 509 621 561 684; x_wconf 87' lang='lat' dir='ltr'>.iii.</span> <span class='ocrx_word' id='word_1_7' title='bbox 591 620 634 683; x_wconf 91' lang='lat' dir='ltr'>de</span> <span class='ocrx_word' id='word_1_8' title='bbox 664 630 781 683; x_wconf 88' lang='lat' dir='ltr'>sancto</span> <span class='ocrx_word' id='word_1_9' title='bbox 808 619 939 701; x_wconf 87' lang='lat' dir='ltr'>Egidi0.</span> <span class='ocrx_word' id='word_1_10' title='bbox 985 618 1099 681; x_wconf 91' lang='lat' dir='ltr'>Medie</span> <span class='ocrx_word' id='word_1_11' title='bbox 1123 617 1283 681; x_wconf 88' lang='lat' dir='ltr'>lectiones</span> <span class='ocrx_word' id='word_1_12' title='bbox 1308 618 1352 680; x_wconf 91' lang='lat' dir='ltr'>de</span> <span class='ocrx_word' id='word_1_13' title='bbox 1378 625 1504 679; x_wconf 89' lang='lat' dir='ltr'>sancto</span> 
     </span>
     <span class='ocr_line' id='line_1_3' title="bbox 289 706 1389 789; baseline -0.005 -18"><span class='ocrx_word' id='word_1_14' title='bbox 289 709 411 786; x_wconf 88' lang='lat' dir='ltr'>Prisco,</span> <span class='ocrx_word' id='word_1_15' title='bbox 427 728 501 771; x_wconf 90' lang='lat' dir='ltr'>curn</span> <span class='ocrx_word' id='word_1_16' title='bbox 519 707 680 771; x_wconf 84' lang='lat' dir='ltr'>versiculo</span> <span class='ocrx_word' id='word_1_17' title='bbox 696 717 729 770; x_wconf 87' lang='lat' dir='ltr'>et</span> <span class='ocrx_word' id='word_1_18' title='bbox 746 706 980 789; x_wconf 88' lang='lat' dir='ltr'>Responsoriis</span> <span class='ocrx_word' id='word_1_19' title='bbox 996 706 1040 768; x_wconf 89' lang='lat' dir='ltr'>de</span> <span class='ocrx_word' id='word_1_20' title='bbox 1054 707 1204 769; x_wconf 88' lang='lat' dir='ltr'>secundo</span> <span class='ocrx_word' id='word_1_21' title='bbox 1219 714 1389 768; x_wconf 87' lang='lat' dir='ltr'>nocturno.</span> 
     </span>
    </p>
   </div>
   <div class='ocr_carea' id='block_1_3' title="bbox 331 826 1374 1026">
    <p class='ocr_par' dir='ltr' id='par_1_3' title="bbox 331 826 1374 1026">
     <span class='ocr_line' id='line_1_4' title="bbox 332 826 1374 910; baseline -0.005 -18"><span class='ocrx_word' id='word_1_22' title='bbox 332 836 366 905; x_wconf 84' lang='grc' dir='ltr'>(Ι</span> <span class='ocrx_word' id='word_1_23' title='bbox 390 830 487 892; x_wconf 86' lang='lat' dir='ltr'>Feria</span> <span class='ocrx_word' id='word_1_24' title='bbox 502 829 553 893; x_wconf 80' lang='lat' dir='ltr'>iii.</span> <span class='ocrx_word' id='word_1_25' title='bbox 570 829 612 891; x_wconf 90' lang='lat' dir='ltr'>de</span> <span class='ocrx_word' id='word_1_26' title='bbox 628 829 717 891; x_wconf 80' lang='lat' dir='ltr'>seria.</span> <span class='ocrx_word' id='word_1_27' title='bbox 764 828 991 910; x_wconf 85' lang='lat' dir='ltr'>Responsoria</span> <span class='ocrx_word' id='word_1_28' title='bbox 1006 827 1050 890; x_wconf 91' lang='lat' dir='ltr'>de</span> <span class='ocrx_word' id='word_1_29' title='bbox 1067 827 1175 908; x_wconf 89' lang='lat' dir='ltr'>primo</span> <span class='ocrx_word' id='word_1_30' title='bbox 1190 826 1374 889; x_wconf 70' lang='grc' dir='ltr'>ιιοεῒιιτιῑο.1</span> 
     </span>
     <span class='ocr_line' id='line_1_5' title="bbox 331 948 783 1026; baseline -0.002 -14"><span class='ocrx_word' id='word_1_31' title='bbox 331 956 364 1026; x_wconf 99' lang='grc' dir='ltr'>(Ι</span> <span class='ocrx_word' id='word_1_32' title='bbox 389 950 485 1014; x_wconf 83' lang='lat' dir='ltr'>Feria</span> <span class='ocrx_word' id='word_1_33' title='bbox 499 971 537 1013; x_wconf 86' lang='lat' dir='ltr'>.v.</span> <span class='ocrx_word' id='word_1_34' title='bbox 553 949 596 1011; x_wconf 92' lang='lat' dir='ltr'>de</span> <span class='ocrx_word' id='word_1_35' title='bbox 611 948 697 1013; x_wconf 83' lang='lat' dir='ltr'>festo</span> <span class='ocrx_word' id='word_1_36' title='bbox 713 948 783 1013; x_wconf 89' lang='lat' dir='ltr'>loci.</span> 
     </span>
    </p>
   </div>
   <div class='ocr_carea' id='block_1_4' title="bbox 290 1065 1505 1326">
    <p class='ocr_par' dir='ltr' id='par_1_4' title="bbox 290 1065 1505 1326">
     <span class='ocr_line' id='line_1_6' title="bbox 332 1065 1504 1148; baseline -0.004 -15"><span class='ocrx_word' id='word_1_37' title='bbox 332 1078 365 1148; x_wconf 99' lang='grc' dir='ltr'>(Ι</span> <span class='ocrx_word' id='word_1_38' title='bbox 390 1071 486 1133; x_wconf 86' lang='lat' dir='ltr'>Feria</span> <span class='ocrx_word' id='word_1_39' title='bbox 509 1071 558 1134; x_wconf 88' lang='lat' dir='ltr'>.vi.</span> <span class='ocrx_word' id='word_1_40' title='bbox 582 1071 625 1133; x_wconf 92' lang='lat' dir='ltr'>de</span> <span class='ocrx_word' id='word_1_41' title='bbox 651 1079 770 1133; x_wconf 88' lang='lat' dir='ltr'>sancto</span> <span class='ocrx_word' id='word_1_42' title='bbox 801 1069 1006 1134; x_wconf 89' lang='lat' dir='ltr'>Cuthberto:</span> <span class='ocrx_word' id='word_1_43' title='bbox 1040 1069 1084 1131; x_wconf 91' lang='lat' dir='ltr'>ix.</span> <span class='ocrx_word' id='word_1_44' title='bbox 1116 1067 1284 1143; x_wconf 88' lang='lat' dir='ltr'>lectiones,</span> <span class='ocrx_word' id='word_1_45' title='bbox 1310 1067 1383 1129; x_wconf 90' lang='lat' dir='ltr'>Nisi</span> <span class='ocrx_word' id='word_1_46' title='bbox 1408 1065 1504 1129; x_wconf 85' lang='lat' dir='ltr'>facte</span> 
     </span>
     <span class='ocr_line' id='line_1_7' title="bbox 291 1154 1505 1239; baseline -0.006 -17"><span class='ocrx_word' id='word_1_47' title='bbox 291 1159 413 1222; x_wconf 87' lang='lat' dir='ltr'>luerint</span> <span class='ocrx_word' id='word_1_48' title='bbox 445 1159 477 1220; x_wconf 89' lang='lat' dir='ltr'>in</span> <span class='ocrx_word' id='word_1_49' title='bbox 509 1157 799 1239; x_wconf 71' lang='lat' dir='ltr'>quadragesima2:</span> <span class='ocrx_word' id='word_1_50' title='bbox 838 1168 917 1220; x_wconf 90' lang='lat' dir='ltr'>tunc</span> <span class='ocrx_word' id='word_1_51' title='bbox 955 1154 1038 1218; x_wconf 90' lang='lat' dir='ltr'>fiant</span> <span class='ocrx_word' id='word_1_52' title='bbox 1075 1155 1128 1217; x_wconf 73' lang='lat' dir='ltr'>hic</span> <span class='ocrx_word' id='word_1_53' title='bbox 1168 1156 1217 1218; x_wconf 78' lang='lat' dir='ltr'>iii.</span> <span class='ocrx_word' id='word_1_54' title='bbox 1257 1155 1417 1217; x_wconf 84' lang='lat' dir='ltr'>lectiones</span> <span class='ocrx_word' id='word_1_55' title='bbox 1456 1154 1505 1215; x_wconf 93' lang='lat' dir='ltr'>de</span> 
     </span>
     <span class='ocr_line' id='line_1_8' title="bbox 290 1241 1503 1326; baseline -0.005 -18"><span class='ocrx_word' id='word_1_56' title='bbox 290 1246 459 1309; x_wconf 88' lang='lat' dir='ltr'>communi</span> <span class='ocrx_word' id='word_1_57' title='bbox 476 1246 573 1307; x_wconf 89' lang='lat' dir='ltr'>vnius</span> <span class='ocrx_word' id='word_1_58' title='bbox 589 1244 786 1307; x_wconf 82' lang='lat' dir='ltr'>confessoris</span> <span class='ocrx_word' id='word_1_59' title='bbox 803 1254 836 1306; x_wconf 86' lang='lat' dir='ltr'>et</span> <span class='ocrx_word' id='word_1_60' title='bbox 856 1242 1030 1326; x_wconf 67' lang='lat' dir='ltr'>pontificis</span> <span class='ocrx_word' id='word_1_61' title='bbox 1046 1262 1122 1305; x_wconf 88' lang='lat' dir='ltr'>cum</span> <span class='ocrx_word' id='word_1_62' title='bbox 1143 1241 1267 1325; x_wconf 84' lang='lat' dir='ltr'>duplici</span> <span class='ocrx_word' id='word_1_63' title='bbox 1289 1241 1503 1304; x_wconf 87' lang='lat' dir='ltr'>Inuitatori0.</span> 
     </span>
    </p>
   </div>
   <div class='ocr_carea' id='block_1_5' title="bbox 334 1361 1461 1442">
    <p class='ocr_par' dir='ltr' id='par_1_5' title="bbox 334 1361 1461 1442">
     <span class='ocr_line' id='line_1_9' title="bbox 334 1361 1461 1442; baseline -0.008 -10"><span class='ocrx_word' id='word_1_64' title='bbox 334 1372 367 1442; x_wconf 90' lang='grc' dir='ltr'>(Ι</span> <span class='ocrx_word' id='word_1_65' title='bbox 391 1365 551 1442; x_wconf 84' lang='lat' dir='ltr'>Sabbato,</span> <span class='ocrx_word' id='word_1_66' title='bbox 566 1366 609 1428; x_wconf 87' lang='lat' dir='ltr'>de</span> <span class='ocrx_word' id='word_1_67' title='bbox 625 1375 741 1429; x_wconf 86' lang='lat' dir='ltr'>sancta</span> <span class='ocrx_word' id='word_1_68' title='bbox 759 1365 877 1441; x_wconf 86' lang='lat' dir='ltr'>Maria,</span> <span class='ocrx_word' id='word_1_69' title='bbox 893 1373 927 1427; x_wconf 92' lang='lat' dir='ltr'>et</span> <span class='ocrx_word' id='word_1_70' title='bbox 944 1363 1105 1426; x_wconf 87' lang='lat' dir='ltr'>memoria</span> <span class='ocrx_word' id='word_1_71' title='bbox 1120 1363 1163 1425; x_wconf 88' lang='lat' dir='ltr'>de</span> <span class='ocrx_word' id='word_1_72' title='bbox 1178 1361 1296 1426; x_wconf 83' lang='lat' dir='ltr'>sancto</span> <span class='ocrx_word' id='word_1_73' title='bbox 1313 1361 1461 1424; x_wconf 91' lang='lat' dir='ltr'>Bertin0.</span> 
     </span>
    </p>
   </div>
   <div class='ocr_carea' id='block_1_6' title="bbox 291 1481 1504 1638">
    <p class='ocr_par' dir='ltr' id='par_1_6' title="bbox 291 1481 1504 1638">
     <span class='ocr_line' id='line_1_10' title="bbox 333 1481 1504 1563; baseline -0.003 -15"><span class='ocrx_word' id='word_1_74' title='bbox 333 1494 367 1563; x_wconf 84' lang='grc' dir='ltr'>(Ι</span> <span class='ocrx_word' id='word_1_75' title='bbox 389 1486 457 1550; x_wconf 94' lang='lat' dir='ltr'>Vbi</span> <span class='ocrx_word' id='word_1_76' title='bbox 474 1486 558 1549; x_wconf 88' lang='lat' dir='ltr'>fiunt</span> <span class='ocrx_word' id='word_1_77' title='bbox 573 1496 640 1550; x_wconf 88' lang='lat' dir='ltr'>tres</span> <span class='ocrx_word' id='word_1_78' title='bbox 656 1486 1002 1561; x_wconf 87' lang='lat' dir='ltr'>commemorationes,</span> <span class='ocrx_word' id='word_1_79' title='bbox 1018 1486 1051 1548; x_wconf 89' lang='lat' dir='ltr'>in</span> <span class='ocrx_word' id='word_1_80' title='bbox 1067 1484 1130 1549; x_wconf 84' lang='lat' dir='ltr'>iiii.</span> <span class='ocrx_word' id='word_1_81' title='bbox 1148 1482 1229 1546; x_wconf 90' lang='lat' dir='ltr'>seria</span> <span class='ocrx_word' id='word_1_82' title='bbox 1245 1481 1304 1545; x_wconf 91' lang='lat' dir='ltr'>fiat</span> <span class='ocrx_word' id='word_1_83' title='bbox 1319 1502 1385 1545; x_wconf 89' lang='lat' dir='ltr'>vna</span> <span class='ocrx_word' id='word_1_84' title='bbox 1405 1502 1504 1545; x_wconf 89' lang='lat' dir='ltr'>com·</span> 
     </span>
     <span class='ocr_line' id='line_1_11' title="bbox 291 1574 497 1638; baseline 0.005 -1"><span class='ocrx_word' id='word_1_85' title='bbox 291 1574 497 1638; x_wconf 89' lang='lat' dir='ltr'>memoratio.</span> 
     </span>
    </p>
   </div>
   <div class='ocr_carea' id='block_1_7' title="bbox 291 1658 1504 1943">
    <p class='ocr_par' dir='ltr' id='par_1_7' title="bbox 291 1658 1504 1943">
     <span class='ocr_line' id='line_1_12' title="bbox 291 1658 1504 1814; baseline -0.008 -53"><span class='ocrx_word' id='word_1_86' title='bbox 291 1745 328 1799; x_wconf 66' lang='lat' dir='ltr'>Se</span> <span class='ocrx_word' id='word_1_87' title='bbox 350 1755 360 1798; x_wconf 85' lang='lat' dir='ltr'>t</span> <span class='ocrx_word' id='word_1_88' title='bbox 381 1741 419 1814; x_wconf 69' lang='lat'>6]</span> <span class='ocrx_word' id='word_1_89' title='bbox 467 1699 500 1769; x_wconf 98' lang='grc' dir='ltr'>(Ι</span> <span class='ocrx_word' id='word_1_90' title='bbox 524 1693 703 1756; x_wconf 85' lang='lat' dir='ltr'>Dominica</span> <span class='ocrx_word' id='word_1_91' title='bbox 721 1693 761 1756; x_wconf 85' lang='lat' dir='ltr'>ii.</span> <span class='ocrx_word' id='word_1_92' title='bbox 784 1658 921 1755; x_wconf 89' lang='lat' dir='ltr'>historie</span> <span class='ocrx_word' id='word_1_93' title='bbox 943 1691 1121 1773; x_wconf 83' lang='lat' dir='ltr'>(Sibonu),</span> <span class='ocrx_word' id='word_1_94' title='bbox 1136 1679 1245 1755; x_wconf 84' lang='lat' dir='ltr'>totum</span> <span class='ocrx_word' id='word_1_95' title='bbox 1261 1690 1304 1752; x_wconf 92' lang='lat' dir='ltr'>de</span> <span class='ocrx_word' id='word_1_96' title='bbox 1320 1689 1504 1753; x_wconf 69' lang='lat' dir='ltr'>dominica</span> 
     </span>
     <span class='ocr_line' id='line_1_13' title="bbox 293 1762 1504 1930; baseline -0.007 -84"><span class='ocrx_word' id='word_1_97' title='bbox 293 1762 406 1930; x_wconf 51' lang='lat' dir='ltr'>Mzr&#39;ia&#39;</span> <span class='ocrx_word' id='word_1_98' title='bbox 426 1779 696 1930; x_wconf 47' lang='lat' dir='ltr'>etlrpggtgpilgugg</span> <span class='ocrx_word' id='word_1_99' title='bbox 708 1780 990 1929; x_wconf 42' lang='lat' dir='ltr'>Ergmpffhona.</span> <span class='ocrx_word' id='word_1_100' title='bbox 1035 1779 1184 1860; x_wconf 86' lang='lat' dir='ltr'><strong>Vespere</strong></span> <span class='ocrx_word' id='word_1_101' title='bbox 1207 1786 1305 1840; x_wconf 89' lang='lat' dir='ltr'>erunt</span> <span class='ocrx_word' id='word_1_102' title='bbox 1320 1777 1363 1840; x_wconf 90' lang='lat' dir='ltr'>de</span> <span class='ocrx_word' id='word_1_103' title='bbox 1379 1787 1504 1839; x_wconf 81' lang='lat' dir='ltr'>sancta</span> 
     </span>
     <span class='ocr_line' id='line_1_14' title="bbox 404 1915 889 1943; baseline -0.029 0"><span class='ocrx_word' id='word_1_104' title='bbox 404 1917 411 1943; x_wconf 81' lang='lat' dir='ltr'>l</span> <span class='ocrx_word' id='word_1_105' title='bbox 881 1915 889 1929; x_wconf 80' lang='grc' dir='ltr'>ι</span> 
     </span>
    </p>
   </div>
   <div class='ocr_carea' id='block_1_8' title="bbox 291 1982 1506 2225">
    <p class='ocr_par' dir='ltr' id='par_1_8' title="bbox 291 1982 1506 2225">
     <span class='ocr_line' id='line_1_15' title="bbox 334 1982 1503 2069; baseline -0.003 -19"><span class='ocrx_word' id='word_1_106' title='bbox 334 1994 368 2063; x_wconf 84' lang='grc' dir='ltr'>(Ι</span> <span class='ocrx_word' id='word_1_107' title='bbox 392 1988 488 2050; x_wconf 87' lang='lat' dir='ltr'>Feria</span> <span class='ocrx_word' id='word_1_108' title='bbox 518 1988 557 2051; x_wconf 88' lang='lat' dir='ltr'>.ii.</span> <span class='ocrx_word' id='word_1_109' title='bbox 582 1987 718 2069; x_wconf 87' lang='lat' dir='ltr'>plenum</span> <span class='ocrx_word' id='word_1_110' title='bbox 744 1987 920 2049; x_wconf 88' lang='lat' dir='ltr'>seruicium</span> <span class='ocrx_word' id='word_1_111' title='bbox 948 1987 991 2049; x_wconf 93' lang='lat' dir='ltr'>de</span> <span class='ocrx_word' id='word_1_112' title='bbox 1015 1995 1132 2048; x_wconf 87' lang='lat' dir='ltr'>sancta</span> <span class='ocrx_word' id='word_1_113' title='bbox 1158 1984 1275 2046; x_wconf 88' lang='lat' dir='ltr'>Maria.</span> <span class='ocrx_word' id='word_1_114' title='bbox 1322 1982 1429 2045; x_wconf 81' lang='lat' dir='ltr'>Nihil³</span> <span class='ocrx_word' id='word_1_115' title='bbox 1456 1984 1503 2046; x_wconf 95' lang='lat' dir='ltr'>de</span> 
     </span>
     <span class='ocr_line' id='line_1_16' title="bbox 291 2070 1506 2156; baseline -0.004 -19"><span class='ocrx_word' id='word_1_116' title='bbox 291 2074 426 2156; x_wconf 85' lang='lat' dir='ltr'>vigilia,⁴</span> <span class='ocrx_word' id='word_1_117' title='bbox 453 2075 515 2137; x_wconf 90' lang='lat' dir='ltr'>nisi</span> <span class='ocrx_word' id='word_1_118' title='bbox 541 2075 697 2137; x_wconf 86' lang='lat' dir='ltr'>ieiunium</span> <span class='ocrx_word' id='word_1_119' title='bbox 723 2085 863 2137; x_wconf 87' lang='lat' dir='ltr'>tantum.</span> <span class='ocrx_word' id='word_1_120' title='bbox 910 2073 967 2136; x_wconf 91' lang='lat' dir='ltr'>Ad</span> <span class='ocrx_word' id='word_1_121' title='bbox 992 2092 1156 2154; x_wconf 88' lang='lat' dir='ltr'>vesperas,</span> <span class='ocrx_word' id='word_1_122' title='bbox 1186 2070 1305 2135; x_wconf 87' lang='lat' dir='ltr'>Oratio</span> <span class='ocrx_word' id='word_1_123' title='bbox 1330 2070 1506 2152; x_wconf 77' lang='lat' dir='ltr'>Supplica-</span> 
     </span>
     <span class='ocr_line' id='line_1_17' title="bbox 291 2164 748 2225; baseline -0.004 -1"><span class='ocrx_word' id='word_1_124' title='bbox 291 2164 409 2225; x_wconf 81' lang='lat' dir='ltr'>tionem</span> <span class='ocrx_word' id='word_1_125' title='bbox 424 2183 593 2224; x_wconf 78' lang='lat' dir='ltr'>semorum</span> <span class='ocrx_word' id='word_1_126' title='bbox 609 2170 748 2225; x_wconf 82' lang='lat' dir='ltr'>tuorum.</span> 
     </span>
    </p>
   </div>
   <div class='ocr_carea' id='block_1_9' title="bbox 290 2274 1506 2451">
    <p class='ocr_par' dir='ltr' id='par_1_9' title="bbox 290 2274 1506 2451">
     <span class='ocr_line' id='line_1_18' title="bbox 334 2274 1506 2360; baseline -0.003 -16"><span class='ocrx_word' id='word_1_127' title='bbox 334 2288 367 2358; x_wconf 99' lang='grc' dir='ltr'>(Ι</span> <span class='ocrx_word' id='word_1_128' title='bbox 391 2281 488 2344; x_wconf 89' lang='lat' dir='ltr'>Feria</span> <span class='ocrx_word' id='word_1_129' title='bbox 510 2282 561 2345; x_wconf 82' lang='lat' dir='ltr'>iii.</span> <span class='ocrx_word' id='word_1_130' title='bbox 587 2280 757 2343; x_wconf 88' lang='lat' dir='ltr'>Natiuitas</span> <span class='ocrx_word' id='word_1_131' title='bbox 783 2280 882 2342; x_wconf 85' lang='lat' dir='ltr'>beate</span> <span class='ocrx_word' id='word_1_132' title='bbox 911 2280 1025 2354; x_wconf 83' lang='lat' dir='ltr'>Marie,</span> <span class='ocrx_word' id='word_1_133' title='bbox 1050 2278 1157 2341; x_wconf 87' lang='lat' dir='ltr'>maius</span> <span class='ocrx_word' id='word_1_134' title='bbox 1182 2277 1330 2360; x_wconf 88' lang='lat' dir='ltr'>duplex:</span> <span class='ocrx_word' id='word_1_135' title='bbox 1360 2286 1395 2339; x_wconf 91' lang='lat' dir='ltr'>et</span> <span class='ocrx_word' id='word_1_136' title='bbox 1418 2274 1506 2340; x_wconf 86' lang='lat' dir='ltr'>fiant</span> 
     </span>
     <span class='ocr_line' id='line_1_19' title="bbox 290 2368 790 2451; baseline -0.004 -20"><span class='ocrx_word' id='word_1_137' title='bbox 290 2380 409 2433; x_wconf 89' lang='lat' dir='ltr'>octaue</span> <span class='ocrx_word' id='word_1_138' title='bbox 424 2389 499 2431; x_wconf 89' lang='lat' dir='ltr'>cum</span> <span class='ocrx_word' id='word_1_139' title='bbox 517 2368 676 2451; x_wconf 87' lang='lat' dir='ltr'>regimine</span> <span class='ocrx_word' id='word_1_140' title='bbox 691 2368 790 2430; x_wconf 91' lang='lat' dir='ltr'>chori.</span> 
     </span>
    </p>
   </div>
   <div class='ocr_carea' id='block_1_10' title="bbox 292 2484 1505 2658">
    <p class='ocr_par' dir='ltr' id='par_1_10' title="bbox 292 2484 1505 2658">
     <span class='ocr_line' id='line_1_20' title="bbox 334 2484 1505 2569; baseline -0.004 -17"><span class='ocrx_word' id='word_1_141' title='bbox 334 2495 368 2564; x_wconf 95' lang='grc' dir='ltr'>(Ι</span> <span class='ocrx_word' id='word_1_142' title='bbox 392 2489 489 2553; x_wconf 86' lang='lat' dir='ltr'>Feria</span> <span class='ocrx_word' id='word_1_143' title='bbox 512 2489 576 2553; x_wconf 77' lang='lat' dir='ltr'>‚iiii</span> <span class='ocrx_word' id='word_1_144' title='bbox 599 2488 642 2551; x_wconf 91' lang='lat' dir='ltr'>de</span> <span class='ocrx_word' id='word_1_145' title='bbox 666 2489 802 2551; x_wconf 86' lang='lat' dir='ltr'>octauis.</span> <span class='ocrx_word' id='word_1_146' title='bbox 855 2488 1011 2550; x_wconf 90' lang='lat' dir='ltr'>Tercium</span> <span class='ocrx_word' id='word_1_147' title='bbox 1037 2487 1301 2569; x_wconf 87' lang='lat' dir='ltr'>Responsorium</span> <span class='ocrx_word' id='word_1_148' title='bbox 1331 2484 1477 2548; x_wconf 70' lang='lat' dir='ltr'>Glorzbsc</span> <span class='ocrx_word' id='word_1_149' title='bbox 1491 2509 1505 2548; x_wconf 83' lang='lat'>.·</span> 
     </span>
     <span class='ocr_line' id='line_1_21' title="bbox 292 2576 747 2658; baseline -0.004 -19"><span class='ocrx_word' id='word_1_150' title='bbox 292 2586 326 2639; x_wconf 89' lang='lat' dir='ltr'>et</span> <span class='ocrx_word' id='word_1_151' title='bbox 343 2576 504 2638; x_wconf 88' lang='lat' dir='ltr'>memoria</span> <span class='ocrx_word' id='word_1_152' title='bbox 519 2576 562 2638; x_wconf 92' lang='lat' dir='ltr'>de</span> <span class='ocrx_word' id='word_1_153' title='bbox 578 2577 747 2658; x_wconf 78' lang='lat' dir='ltr'>martyre.⁵</span> 
     </span>
    </p>
   </div>
   <div class='ocr_carea' id='block_1_11' title="bbox 293 2689 1503 2864">
    <p class='ocr_par' dir='ltr' id='par_1_11' title="bbox 293 2689 1503 2864">
     <span class='ocr_line' id='line_1_22' title="bbox 334 2689 1503 2776; baseline -0.003 -18"><span class='ocrx_word' id='word_1_154' title='bbox 334 2701 368 2771; x_wconf 95' lang='grc' dir='ltr'>(Ι</span> <span class='ocrx_word' id='word_1_155' title='bbox 392 2696 489 2758; x_wconf 89' lang='lat' dir='ltr'>Feria</span> <span class='ocrx_word' id='word_1_156' title='bbox 512 2717 550 2759; x_wconf 89' lang='lat' dir='ltr'>.v.</span> <span class='ocrx_word' id='word_1_157' title='bbox 568 2689 613 2758; x_wconf 85' lang='lat' dir='ltr'>de</span> <span class='ocrx_word' id='word_1_158' title='bbox 634 2695 784 2758; x_wconf 87' lang='lat' dir='ltr'>octauis.⁴</span> <span class='ocrx_word' id='word_1_159' title='bbox 830 2694 987 2756; x_wconf 88' lang='lat' dir='ltr'>Tercium</span> <span class='ocrx_word' id='word_1_160' title='bbox 1012 2694 1276 2776; x_wconf 88' lang='lat' dir='ltr'>Responsorium</span> <span class='ocrx_word' id='word_1_161' title='bbox 1300 2691 1442 2774; x_wconf 78' lang='lat' dir='ltr'><em>Regali:</em></span> <span class='ocrx_word' id='word_1_162' title='bbox 1465 2701 1503 2754; x_wconf 90' lang='lat' dir='ltr'>et</span> 
     </span>
     <span class='ocr_line' id='line_1_23' title="bbox 293 2783 985 2864; baseline -0.003 -19"><span class='ocrx_word' id='word_1_163' title='bbox 293 2784 455 2847; x_wconf 85' lang='lat' dir='ltr'>memoria</span> <span class='ocrx_word' id='word_1_164' title='bbox 470 2784 513 2845; x_wconf 88' lang='lat' dir='ltr'>de</span> <span class='ocrx_word' id='word_1_165' title='bbox 530 2783 747 2864; x_wconf 78' lang='lat' dir='ltr'>martyribus⁶</span> <span class='ocrx_word' id='word_1_166' title='bbox 761 2783 804 2845; x_wconf 88' lang='lat' dir='ltr'>ad</span> <span class='ocrx_word' id='word_1_167' title='bbox 821 2801 985 2863; x_wconf 87' lang='lat' dir='ltr'>vesperas.</span> 
     </span>
    </p>
   </div>
   <div class='ocr_carea' id='block_1_12' title="bbox 334 2899 1440 2984">
    <p class='ocr_par' dir='ltr' id='par_1_12' title="bbox 334 2899 1440 2984">
     <span class='ocr_line' id='line_1_24' title="bbox 334 2899 1440 2984; baseline -0.004 -19"><span class='ocrx_word' id='word_1_168' title='bbox 334 2909 369 2979; x_wconf 94' lang='grc' dir='ltr'>(Ι</span> <span class='ocrx_word' id='word_1_169' title='bbox 392 2903 489 2965; x_wconf 82' lang='lat' dir='ltr'>Feria</span> <span class='ocrx_word' id='word_1_170' title='bbox 505 2903 553 2966; x_wconf 93' lang='lat' dir='ltr'>.vi.</span> <span class='ocrx_word' id='word_1_171' title='bbox 570 2902 613 2965; x_wconf 90' lang='lat' dir='ltr'>de</span> <span class='ocrx_word' id='word_1_172' title='bbox 628 2901 776 2965; x_wconf 90' lang='lat' dir='ltr'>octauis:</span> <span class='ocrx_word' id='word_1_173' title='bbox 800 2902 955 2964; x_wconf 88' lang='lat' dir='ltr'>Tercium</span> <span class='ocrx_word' id='word_1_174' title='bbox 973 2900 1239 2984; x_wconf 89' lang='lat' dir='ltr'>Responsorium</span> <span class='ocrx_word' id='word_1_175' title='bbox 1255 2899 1440 2963; x_wconf 82' lang='lat' dir='ltr'>Natiuitas.</span> 
     </span>
    </p>
   </div>
   <div class='ocr_carea' id='block_1_13' title="bbox 292 3019 1504 3278">
    <p class='ocr_par' dir='ltr' id='par_1_13' title="bbox 292 3019 1504 3278">
     <span class='ocr_line' id='line_1_25' title="bbox 334 3019 1502 3104; baseline -0.003 -17"><span class='ocrx_word' id='word_1_176' title='bbox 334 3029 369 3099; x_wconf 92' lang='grc' dir='ltr'>(Ι</span> <span class='ocrx_word' id='word_1_177' title='bbox 392 3021 553 3099; x_wconf 83' lang='lat' dir='ltr'>Sabbato,</span> <span class='ocrx_word' id='word_1_178' title='bbox 564 3023 607 3085; x_wconf 95' lang='lat' dir='ltr'>de</span> <span class='ocrx_word' id='word_1_179' title='bbox 618 3022 767 3085; x_wconf 85' lang='lat' dir='ltr'>octauis.⁴</span> <span class='ocrx_word' id='word_1_180' title='bbox 805 3021 962 3085; x_wconf 88' lang='lat' dir='ltr'>Tercium</span> <span class='ocrx_word' id='word_1_181' title='bbox 975 3021 1238 3104; x_wconf 90' lang='lat' dir='ltr'>Responsorium</span> <span class='ocrx_word' id='word_1_182' title='bbox 1253 3019 1404 3083; x_wconf 73' lang='lat' dir='ltr'>Gloriosa.</span> <span class='ocrx_word' id='word_1_183' title='bbox 1441 3019 1502 3083; x_wconf 88' lang='lat' dir='ltr'>Ad</span> 
     </span>
     <span class='ocr_line' id='line_1_26' title="bbox 293 3104 1504 3192; baseline -0.005 -18"><span class='ocrx_word' id='word_1_184' title='bbox 293 3130 458 3192; x_wconf 87' lang='lat' dir='ltr'>vesperas,</span> <span class='ocrx_word' id='word_1_185' title='bbox 476 3110 637 3172; x_wconf 87' lang='lat' dir='ltr'>memoria</span> <span class='ocrx_word' id='word_1_186' title='bbox 656 3112 699 3173; x_wconf 90' lang='lat' dir='ltr'>de</span> <span class='ocrx_word' id='word_1_187' title='bbox 721 3110 910 3173; x_wconf 87' lang='lat' dir='ltr'>dominica:</span> <span class='ocrx_word' id='word_1_188' title='bbox 934 3110 977 3171; x_wconf 93' lang='lat' dir='ltr'>de</span> <span class='ocrx_word' id='word_1_189' title='bbox 992 3108 1181 3170; x_wconf 86' lang='lat' dir='ltr'>Trinitate:</span> <span class='ocrx_word' id='word_1_190' title='bbox 1204 3116 1238 3169; x_wconf 93' lang='lat' dir='ltr'>et</span> <span class='ocrx_word' id='word_1_191' title='bbox 1257 3106 1424 3190; x_wconf 87' lang='lat' dir='ltr'>processio</span> <span class='ocrx_word' id='word_1_192' title='bbox 1441 3104 1504 3169; x_wconf 90' lang='lat' dir='ltr'>fiat</span> 
     </span>
     <span class='ocr_line' id='line_1_27' title="bbox 292 3194 1382 3278; baseline -0.006 -17"><span class='ocrx_word' id='word_1_193' title='bbox 292 3199 335 3261; x_wconf 89' lang='lat' dir='ltr'>ad</span> <span class='ocrx_word' id='word_1_194' title='bbox 352 3217 491 3260; x_wconf 90' lang='lat' dir='ltr'>crucem.</span> <span class='ocrx_word' id='word_1_195' title='bbox 539 3196 578 3259; x_wconf 89' lang='lat' dir='ltr'>ln</span> <span class='ocrx_word' id='word_1_196' title='bbox 596 3198 731 3260; x_wconf 89' lang='lat' dir='ltr'>introitu</span> <span class='ocrx_word' id='word_1_197' title='bbox 748 3196 849 3272; x_wconf 90' lang='lat' dir='ltr'>chori,</span> <span class='ocrx_word' id='word_1_198' title='bbox 866 3194 1065 3278; x_wconf 88' lang='lat' dir='ltr'>Antiphona</span> <span class='ocrx_word' id='word_1_199' title='bbox 1082 3194 1244 3258; x_wconf 82' lang='lat' dir='ltr'>Saluator</span> <span class='ocrx_word' id='word_1_200' title='bbox 1258 3194 1382 3256; x_wconf 84' lang='lat' dir='ltr'>mundi.</span> 
     </span>
    </p>
   </div>
   <div class='ocr_carea' id='block_1_14' title="bbox 293 3312 1507 3920">
    <p class='ocr_par' dir='ltr' id='par_1_14' title="bbox 293 3312 1507 3920">
     <span class='ocr_line' id='line_1_28' title="bbox 468 3312 1505 3397; baseline -0.002 -19"><span class='ocrx_word' id='word_1_201' title='bbox 468 3322 502 3391; x_wconf 96' lang='grc' dir='ltr'>(Ι</span> <span class='ocrx_word' id='word_1_202' title='bbox 526 3315 654 3380; x_wconf 87' lang='lat' dir='ltr'>Littera</span> <span class='ocrx_word' id='word_1_203' title='bbox 666 3317 888 3380; x_wconf 63' lang='lat' dir='ltr'>dominicalisl</span> <span class='ocrx_word' id='word_1_204' title='bbox 900 3316 944 3391; x_wconf 87' lang='lat' dir='ltr'>I),</span> <span class='ocrx_word' id='word_1_205' title='bbox 959 3316 1060 3396; x_wconf 80' lang='lat' dir='ltr'>ydus⁸</span> <span class='ocrx_word' id='word_1_206' title='bbox 1073 3313 1281 3397; x_wconf 81' lang='lat' dir='ltr'>Septembris</span> <span class='ocrx_word' id='word_1_207' title='bbox 1296 3338 1302 3377; x_wconf 94' lang='lat'><strong>:</strong></span> <span class='ocrx_word' id='word_1_208' title='bbox 1326 3312 1505 3376; x_wconf 88' lang='lat' dir='ltr'>inchoetur</span> 
     </span>
     <span class='ocr_line' id='line_1_29' title="bbox 469 3400 1507 3484; baseline -0.002 -19"><span class='ocrx_word' id='word_1_209' title='bbox 469 3404 608 3465; x_wconf 86' lang='lat' dir='ltr'>historia</span> <span class='ocrx_word' id='word_1_210' title='bbox 625 3402 721 3484; x_wconf 82' lang='lat' dir='ltr'>(Peto</span> <span class='ocrx_word' id='word_1_211' title='bbox 736 3403 888 3481; x_wconf 78' lang='lat' dir='ltr'>Domine)</span> <span class='ocrx_word' id='word_1_212' title='bbox 903 3426 909 3464; x_wconf 94' lang='lat'><strong>:</strong></span> <span class='ocrx_word' id='word_1_213' title='bbox 938 3403 1099 3464; x_wconf 85' lang='lat' dir='ltr'>memoria</span> <span class='ocrx_word' id='word_1_214' title='bbox 1115 3403 1157 3463; x_wconf 90' lang='lat' dir='ltr'>ad</span> <span class='ocrx_word' id='word_1_215' title='bbox 1181 3402 1372 3464; x_wconf 86' lang='lat' dir='ltr'>matutinas.</span> <span class='ocrx_word' id='word_1_216' title='bbox 1418 3400 1507 3463; x_wconf 86' lang='lat' dir='ltr'>Ter-</span> 
     </span>
     <span class='ocr_line' id='line_1_30' title="bbox 293 3487 1506 3574; baseline -0.002 -22"><span class='ocrx_word' id='word_1_217' title='bbox 293 3491 382 3553; x_wconf 87' lang='lat' dir='ltr'>cium</span> <span class='ocrx_word' id='word_1_218' title='bbox 400 3491 663 3574; x_wconf 84' lang='lat' dir='ltr'>Responsorium</span> <span class='ocrx_word' id='word_1_219' title='bbox 680 3490 823 3572; x_wconf 83' lang='lat' dir='ltr'>Regali:</span> <span class='ocrx_word' id='word_1_220' title='bbox 848 3489 992 3554; x_wconf 89' lang='lat' dir='ltr'>Sextum</span> <span class='ocrx_word' id='word_1_221' title='bbox 1017 3488 1280 3570; x_wconf 88' lang='lat' dir='ltr'>Responsorium</span> <span class='ocrx_word' id='word_1_222' title='bbox 1299 3487 1481 3550; x_wconf 84' lang='lat' dir='ltr'>Natiuitas</span> <span class='ocrx_word' id='word_1_223' title='bbox 1493 3513 1506 3551; x_wconf 83' lang='lat'>.-</span> 
     </span>
     <span class='ocr_line' id='line_1_31' title="bbox 294 3573 1505 3659; baseline -0.002 -19"><span class='ocrx_word' id='word_1_224' title='bbox 294 3577 431 3640; x_wconf 88' lang='lat' dir='ltr'>Nonum</span> <span class='ocrx_word' id='word_1_225' title='bbox 478 3577 741 3659; x_wconf 89' lang='lat' dir='ltr'>Responsorium</span> <span class='ocrx_word' id='word_1_226' title='bbox 792 3577 990 3639; x_wconf 83' lang='lat' dir='ltr'>Adventum.</span> <span class='ocrx_word' id='word_1_227' title='bbox 1060 3576 1166 3638; x_wconf 88' lang='lat' dir='ltr'>Missa</span> <span class='ocrx_word' id='word_1_228' title='bbox 1209 3573 1421 3637; x_wconf 90' lang='lat' dir='ltr'>dominicalis</span> <span class='ocrx_word' id='word_1_229' title='bbox 1469 3577 1505 3638; x_wconf 92' lang='lat' dir='ltr'>in</span> 
     </span>
     <span class='ocr_line' id='line_1_32' title="bbox 294 3661 1507 3746; baseline 0 -20"><span class='ocrx_word' id='word_1_230' title='bbox 294 3665 442 3746; x_wconf 87' lang='lat' dir='ltr'>capitulo</span> <span class='ocrx_word' id='word_1_231' title='bbox 465 3665 607 3728; x_wconf 71' lang='lat' dir='ltr'>dicitur.⁹</span> <span class='ocrx_word' id='word_1_232' title='bbox 654 3664 692 3726; x_wconf 90' lang='lat' dir='ltr'>ln</span> <span class='ocrx_word' id='word_1_233' title='bbox 724 3664 888 3740; x_wconf 84' lang='lat' dir='ltr'>laudibus,</span> <span class='ocrx_word' id='word_1_234' title='bbox 919 3684 984 3726; x_wconf 90' lang='lat' dir='ltr'>vna</span> <span class='ocrx_word' id='word_1_235' title='bbox 1014 3661 1208 3745; x_wconf 60' lang='lat' dir='ltr'>antiphona„</span> <span class='ocrx_word' id='word_1_236' title='bbox 1256 3661 1313 3725; x_wconf 87' lang='lat' dir='ltr'>Ad</span> <span class='ocrx_word' id='word_1_237' title='bbox 1345 3681 1507 3743; x_wconf 89' lang='lat' dir='ltr'>vesperas</span> 
     </span>
     <span class='ocr_line' id='line_1_33' title="bbox 294 3750 1507 3831; baseline 0 -18"><span class='ocrx_word' id='word_1_238' title='bbox 294 3751 337 3813; x_wconf 90' lang='lat' dir='ltr'>de</span> <span class='ocrx_word' id='word_1_239' title='bbox 361 3750 488 3815; x_wconf 87' lang='lat' dir='ltr'>Sancta</span> <span class='ocrx_word' id='word_1_240' title='bbox 505 3750 619 3825; x_wconf 87' lang='lat' dir='ltr'>Cruce‚</span> <span class='ocrx_word' id='word_1_241' title='bbox 636 3750 694 3813; x_wconf 88' lang='lat' dir='ltr'>fiat</span> <span class='ocrx_word' id='word_1_242' title='bbox 710 3751 856 3814; x_wconf 87' lang='lat' dir='ltr'>solennis</span> <span class='ocrx_word' id='word_1_243' title='bbox 873 3750 1033 3812; x_wconf 89' lang='lat' dir='ltr'>memoria</span> <span class='ocrx_word' id='word_1_244' title='bbox 1049 3750 1092 3812; x_wconf 90' lang='lat' dir='ltr'>de</span> <span class='ocrx_word' id='word_1_245' title='bbox 1108 3750 1346 3831; x_wconf 86' lang='lat' dir='ltr'>martyribus,¹⁰</span> <span class='ocrx_word' id='word_1_246' title='bbox 1361 3750 1421 3812; x_wconf 89' lang='lat' dir='ltr'>et¹¹</span> <span class='ocrx_word' id='word_1_247' title='bbox 1438 3750 1507 3813; x_wconf 92' lang='lat' dir='ltr'>sub</span> 
     </span>
     <span class='ocr_line' id='line_1_34' title="bbox 293 3836 1445 3920; baseline -0.001 -20"><span class='ocrx_word' id='word_1_248' title='bbox 293 3838 426 3902; x_wconf 90' lang='lat' dir='ltr'>silentio</span> <span class='ocrx_word' id='word_1_249' title='bbox 443 3836 501 3902; x_wconf 87' lang='lat' dir='ltr'>fiat</span> <span class='ocrx_word' id='word_1_250' title='bbox 517 3839 677 3901; x_wconf 87' lang='lat' dir='ltr'>memoria</span> <span class='ocrx_word' id='word_1_251' title='bbox 694 3838 735 3900; x_wconf 89' lang='lat' dir='ltr'>de</span> <span class='ocrx_word' id='word_1_252' title='bbox 752 3839 955 3914; x_wconf 78' lang='lat' dir='ltr'>dominica‚¹²</span> <span class='ocrx_word' id='word_1_253' title='bbox 972 3847 1006 3900; x_wconf 88' lang='lat' dir='ltr'>et</span> <span class='ocrx_word' id='word_1_254' title='bbox 1022 3837 1191 3920; x_wconf 88' lang='lat' dir='ltr'>processio</span> <span class='ocrx_word' id='word_1_255' title='bbox 1205 3846 1286 3913; x_wconf 79' lang='lat' dir='ltr'>apte</span> <span class='ocrx_word' id='word_1_256' title='bbox 1302 3855 1445 3899; x_wconf 88' lang='lat' dir='ltr'>crucem.</span> 
     </span>
    </p>
   </div>
   <div class='ocr_carea' id='block_1_15' title="bbox 294 3364 439 3438">
    <p class='ocr_par' dir='ltr' id='par_1_15' title="bbox 294 3364 439 3438">
     <span class='ocr_line' id='line_1_35' title="bbox 294 3364 439 3438; baseline -0.014 -15"><span class='ocrx_word' id='word_1_257' title='bbox 294 3369 370 3438; x_wconf 86' lang='lat' dir='ltr'>Sept.</span> <span class='ocrx_word' id='word_1_258' title='bbox 387 3364 439 3436; x_wconf 90' lang='lat'>13.]</span> 
     </span>
    </p>
   </div>
   <div class='ocr_carea' id='block_1_16' title="bbox 325 4131 1291 4590">
    <p class='ocr_par' dir='ltr' id='par_1_16' title="bbox 327 4131 1063 4198">
     <span class='ocr_line' id='line_1_36' title="bbox 327 4131 1063 4198; baseline 0 -16"><span class='ocrx_word' id='word_1_259' title='bbox 327 4131 335 4163; x_wconf 95' lang='lat'><strong>¹</strong></span> <span class='ocrx_word' id='word_1_260' title='bbox 353 4132 467 4198; x_wconf 86' lang='lat' dir='ltr'>Epistola</span> <span class='ocrx_word' id='word_1_261' title='bbox 478 4143 502 4183; x_wconf 89' lang='lat' dir='ltr'>et</span> <span class='ocrx_word' id='word_1_262' title='bbox 514 4133 670 4198; x_wconf 80' lang='lat' dir='ltr'>euangelium</span> <span class='ocrx_word' id='word_1_263' title='bbox 681 4134 792 4184; x_wconf 84' lang='lat' dir='ltr'>eiusdem</span> <span class='ocrx_word' id='word_1_264' title='bbox 804 4134 879 4183; x_wconf 76' lang='lat' dir='ltr'>ferie:</span> <span class='ocrx_word' id='word_1_265' title='bbox 897 4135 953 4183; x_wconf 81' lang='lat' dir='ltr'><strong><em>add.</em></strong></span> <span class='ocrx_word' id='word_1_266' title='bbox 968 4144 1009 4195; x_wconf 89' lang='lat'>97,</span> <span class='ocrx_word' id='word_1_267' title='bbox 1022 4145 1063 4183; x_wconf 81' lang='grc' dir='ltr'>οι.</span> 
     </span>
    </p>

    <p class='ocr_par' dir='ltr' id='par_1_17' title="bbox 325 4197 1291 4328">
     <span class='ocr_line' id='line_1_37' title="bbox 326 4197 1291 4263; baseline 0 -16"><span class='ocrx_word' id='word_1_268' title='bbox 326 4198 337 4228; x_wconf 74' lang='lat'><strong>⁹</strong></span> <span class='ocrx_word' id='word_1_269' title='bbox 355 4200 418 4248; x_wconf 87' lang='lat' dir='ltr'>Mar.</span> <span class='ocrx_word' id='word_1_270' title='bbox 433 4199 500 4248; x_wconf 83' lang='lat' dir='ltr'>xviii.</span> <span class='ocrx_word' id='word_1_271' title='bbox 927 4199 938 4229; x_wconf 73' lang='lat'>³</span> <span class='ocrx_word' id='word_1_272' title='bbox 954 4209 979 4249; x_wconf 90' lang='lat' dir='ltr'>et</span> <span class='ocrx_word' id='word_1_273' title='bbox 990 4199 1068 4263; x_wconf 80' lang='lat' dir='ltr'>bcsorc</span> <span class='ocrx_word' id='word_1_274' title='bbox 1079 4198 1173 4248; x_wconf 87' lang='lat' dir='ltr'>nichil:</span> <span class='ocrx_word' id='word_1_275' title='bbox 1191 4198 1232 4259; x_wconf 88' lang='lat'>87,</span> <span class='ocrx_word' id='word_1_276' title='bbox 1251 4197 1291 4248; x_wconf 87' lang='lat'>88.</span> 
     </span>
     <span class='ocr_line' id='line_1_38' title="bbox 325 4263 1134 4328; baseline 0 -16"><span class='ocrx_word' id='word_1_277' title='bbox 325 4263 337 4294; x_wconf 70' lang='lat'>⁴</span> <span class='ocrx_word' id='word_1_278' title='bbox 354 4265 413 4313; x_wconf 83' lang='lat' dir='ltr'>Nat.</span> <span class='ocrx_word' id='word_1_279' title='bbox 428 4265 533 4314; x_wconf 89' lang='lat' dir='ltr'><strong>B.V.M.</strong></span> <span class='ocrx_word' id='word_1_280' title='bbox 928 4263 939 4293; x_wconf 80' lang='lat'><em>⁶</em></span> <span class='ocrx_word' id='word_1_281' title='bbox 956 4265 982 4315; x_wconf 90' lang='lat' dir='ltr'>S.</span> <span class='ocrx_word' id='word_1_282' title='bbox 997 4264 1134 4328; x_wconf 80' lang='lat' dir='ltr'>Gorgonio.</span> 
     </span>
    </p>

    <p class='ocr_par' dir='ltr' id='par_1_18' title="bbox 326 4326 1177 4390">
     <span class='ocr_line' id='line_1_39' title="bbox 326 4326 1177 4390; baseline -0.002 -11"><span class='ocrx_word' id='word_1_283' title='bbox 326 4326 337 4359; x_wconf 79' lang='lat'>⁶</span> <span class='ocrx_word' id='word_1_284' title='bbox 354 4329 399 4380; x_wconf 90' lang='lat' dir='ltr'>SS.</span> <span class='ocrx_word' id='word_1_285' title='bbox 416 4331 509 4379; x_wconf 90' lang='lat' dir='ltr'>Protho</span> <span class='ocrx_word' id='word_1_286' title='bbox 520 4339 545 4379; x_wconf 90' lang='lat' dir='ltr'>et</span> <span class='ocrx_word' id='word_1_287' title='bbox 557 4329 677 4379; x_wconf 85' lang='lat' dir='ltr'>lacincto.</span> <span class='ocrx_word' id='word_1_288' title='bbox 930 4328 941 4361; x_wconf 85' lang='lat'>⁷</span> <span class='ocrx_word' id='word_1_289' title='bbox 957 4328 1119 4379; x_wconf 85' lang='lat' dir='ltr'>dominicali:</span> <span class='ocrx_word' id='word_1_290' title='bbox 1138 4328 1177 4390; x_wconf 91' lang='lat'>87.</span> 
     </span>
    </p>

    <p class='ocr_par' dir='ltr' id='par_1_19' title="bbox 325 4392 1124 4460">
     <span class='ocr_line' id='line_1_40' title="bbox 325 4392 1124 4460; baseline -0.001 -17"><span class='ocrx_word' id='word_1_291' title='bbox 325 4394 337 4425; x_wconf 82' lang='lat'><strong>⁸</strong></span> <span class='ocrx_word' id='word_1_292' title='bbox 354 4395 457 4445; x_wconf 86' lang='lat' dir='ltr'>Idibus:</span> <span class='ocrx_word' id='word_1_293' title='bbox 475 4395 566 4460; x_wconf 78' lang='lat' dir='ltr'>Portis.</span> <span class='ocrx_word' id='word_1_294' title='bbox 585 4406 656 4458; x_wconf 82' lang='lat'>1530,</span> <span class='ocrx_word' id='word_1_295' title='bbox 668 4394 710 4455; x_wconf 87' lang='lat'>87,</span> <span class='ocrx_word' id='word_1_296' title='bbox 722 4393 762 4444; x_wconf 89' lang='lat'>88.</span> <span class='ocrx_word' id='word_1_297' title='bbox 928 4392 939 4424; x_wconf 77' lang='lat'><strong>⁹</strong></span> <span class='ocrx_word' id='word_1_298' title='bbox 955 4395 1066 4444; x_wconf 79' lang='lat' dir='ltr'>dicatur:</span> <span class='ocrx_word' id='word_1_299' title='bbox 1084 4393 1124 4443; x_wconf 90' lang='lat'>88.</span> 
     </span>
    </p>

    <p class='ocr_par' dir='ltr' id='par_1_20' title="bbox 326 4457 1248 4524">
     <span class='ocr_line' id='line_1_41' title="bbox 326 4457 1248 4524; baseline -0.002 -14"><span class='ocrx_word' id='word_1_300' title='bbox 326 4457 346 4489; x_wconf 83' lang='lat'>¹⁰</span> <span class='ocrx_word' id='word_1_301' title='bbox 363 4460 409 4510; x_wconf 86' lang='lat' dir='ltr'>SS.</span> <span class='ocrx_word' id='word_1_302' title='bbox 424 4460 542 4510; x_wconf 89' lang='lat' dir='ltr'>Cornelio</span> <span class='ocrx_word' id='word_1_303' title='bbox 553 4470 578 4509; x_wconf 85' lang='lat' dir='ltr'>et</span> <span class='ocrx_word' id='word_1_304' title='bbox 590 4460 724 4524; x_wconf 87' lang='lat' dir='ltr'>Cypriauo.</span> <span class='ocrx_word' id='word_1_305' title='bbox 930 4458 948 4489; x_wconf 87' lang='lat'>¹¹</span> <span class='ocrx_word' id='word_1_306' title='bbox 967 4460 1048 4524; x_wconf 88' lang='lat' dir='ltr'>primo</span> <span class='ocrx_word' id='word_1_307' title='bbox 1059 4477 1065 4509; x_wconf 72' lang='grc' dir='ltr'><strong>ε</strong></span> <span class='ocrx_word' id='word_1_308' title='bbox 1078 4460 1135 4509; x_wconf 79' lang='lat' dir='ltr'>add.</span> <span class='ocrx_word' id='word_1_309' title='bbox 1155 4471 1248 4521; x_wconf 87' lang='lat'>97,01.</span> 
     </span>
    </p>

    <p class='ocr_par' dir='ltr' id='par_1_21' title="bbox 326 4522 998 4590">
     <span class='ocr_line' id='line_1_42' title="bbox 326 4522 998 4590; baseline 0.001 -16"><span class='ocrx_word' id='word_1_310' title='bbox 326 4522 347 4554; x_wconf 74' lang='lat'>¹²</span> <span class='ocrx_word' id='word_1_311' title='bbox 365 4528 382 4551; x_wconf 82' lang='lat'>‘⁶</span> <span class='ocrx_word' id='word_1_312' title='bbox 391 4524 534 4590; x_wconf 82' lang='lat' dir='ltr'>priuatim.&#39;&#39;</span> <span class='ocrx_word' id='word_1_313' title='bbox 568 4526 634 4575; x_wconf 92' lang='lat' dir='ltr'>Vide</span> <span class='ocrx_word' id='word_1_314' title='bbox 649 4527 724 4575; x_wconf 77' lang='lat' dir='ltr'>Crede</span> <span class='ocrx_word' id='word_1_315' title='bbox 736 4526 827 4585; x_wconf 67' lang='lat' dir='ltr'>Miclu,</span> <span class='ocrx_word' id='word_1_316' title='bbox 841 4528 853 4585; x_wconf 65' lang='grc' dir='ltr'><strong>ἓ</strong></span> <span class='ocrx_word' id='word_1_317' title='bbox 866 4526 905 4588; x_wconf 85' lang='lat'>36,</span> <span class='ocrx_word' id='word_1_318' title='bbox 920 4540 944 4589; x_wconf 93' lang='lat' dir='ltr'>p.</span> <span class='ocrx_word' id='word_1_319' title='bbox 960 4525 998 4588; x_wconf 86' lang='lat'>38.</span> 
     </span>
    </p>
   </div>
   <div class='ocr_carea' id='block_1_17' title="bbox 0 0 1670 5220">
    <p class='ocr_par' dir='ltr' id='par_1_22' title="bbox 0 0 1670 5220">
     <span class='ocr_line' id='line_1_43' title="bbox 0 0 1670 5220; baseline 0 0"><span class='ocrx_word' id='word_1_320' title='bbox 0 0 1670 5220; x_wconf 95' lang='lat' dir='ltr'> </span> 
     </span>
    </p>
   </div>
  </div>
 </body>
</html>
